3717 5850
1002 298 1068 357 V.
1122 300 1225 359 DE
1260 300 1467 359 STILO
1504 300 2030 359 PHILosoPfflco
2058 298 2347 360 NIZOLII.
2430 296 2446 305 ”
3217 296 3306 364 65

132 452 189 508 ille
207 448 378 503 oeream
402 440 677 514 quandam
712 440 1169 515 compositionem
1208 442 1494 520 medicam,
1538 444 1626 501 hic
1726 442 2149 499 instrumentum
2162 483 2179 516 ,
2212 442 2444 499 docendi
2463 448 2649 503 autem
2667 445 2908 521 cogitata
2925 452 3116 505 nostia
3135 460 3307 525 prope

130 539 319 597 tuborum
344 530 637 604 opticorum
664 530 840 603 magis
868 530 1147 604 magisque
1174 532 1625 605 perficiendorum
1722 532 1976 604 unicum,
2003 548 2174 605 quum
2203 530 2436 605 denique
2464 532 2658 591 iisdem
2684 536 2884 609 regulis
2911 536 3074 593 simul
3103 542 3160 593 et
3186 554 3306 596 mo-

126 620 425 697 oempendium
452 634 487 674 a
502 636 577 674 ·se
614 622 891 693 repertum
932 620 1255 693 aenigmatis
1296 622 1445 678 nube
1483 622 1624 695 sepi·
1720 621 2026 678 vendor-um
2063 622 2374 693 affectuum,
2416 622 2882 697 regendarumque
2905 626 3303 699 cogitationum

125 718 277 771 venuit.
352 708 413 765 ln
450 706 887 781 philosophando
925 713 1111 764 tamen
1139 715 1406 784 accurate,
1450 709 1507 767 id
1536 714 1622 766 est

122 808 163 861 in
189 796 468 869 definiendo,
509 796 807 852 dividendo
850 801 907 853 et
934 797 1378 872 demonstrando,
1420 798 1620 871 dispel-

123 891 257 949 {endas
288 902 391 942 effic
428 899 623 941 omnes
660 884 786 941 illas
814 885 1058 959 nebulas,
1096 902 1213 942 non
1253 890 1338 942 est
1364 886 1619 945 dubitan-

121 982 224 1037 dum.
276 974 482 1031 Licebat
508 972 857 1047 Philosophis
893 975 983 1030 vel
1021 975 1210 1047 lingua
1249 975 1488 1047 quadam
1526 992 1619 1049 pe-

120 1066 269 1137 culiari,
295 1062 428 1135 quod
467 1062 539 1118 de
580 1061 871 1136 Aegyptiis
909 1067 967 1119 et
1006 1063 1288 1120 Hetruscis
1326 1064 1619 1120 sacerdoti-

119 1160 189 1215 bus
210 1156 369 1226 fermr,
410 1150 499 1206 vel
526 1150 796 1224 scriptma
821 1150 1033 1226 saltem,
1064 1153 1212 1225 quod
1240 1168 1387 1209 nunc
1414 1152 1621 1210 faciunt

119 1247 329 1313 Sinenses,
365 1255 461 1295 sua
500 1237 764 1314 occulere,
808 1240 1108 1297 dummodo
1146 1240 1339 1297 in'hac
1356 1240 1485 1314 ipsa
1512 1242 1617 1297 lin-

118 1350 208 1407 μ,
240 1330 287 1386 in
320 1329 413 1385 hac
448 1326 575 1401 ipsa
623 1328 917 1402 scriptura,
956 1329 1065 1403 ipsi
1104 1330 1301 1386 saltem
1350 1330 1497 1389 inter
1536 1346 1613 1405 se,

118 1424 217 1477 dare
237 1422 569 1488 actm-ateque
597 1416 963 1490 philosophati
990 1423 1199 1492 efflent,
1230 1434 1332 1474 nec
1359 1434 1505 1475 nune
1531 1418 1617 1474 in·

118 1508 313 1566 somissis
346 1505 402 1561 in
437 1504 641 1579 adyta,
682 1510 969 1579 appareret
1004 1510 1163 1563 vasta
1188 1507 1353 1563 rebus
1390 1506 1617 1563 utilibus

116 1604 151 1654 et
177 1612 311 1669 egena
345 1594 614 1666 solitudo,
656 1594 909 1667 quodque
948 1595 1017 1651 de
1054 1595 1261 1669 templo
1299 1596 1617 1666 Hierosoly-

114 1687 267 1742 miano
281 1682 559 1739 Tacitus
585 1681 683 1755 ait,
718 1683 908 1739 inania
938 1700 1155 1757 arcana,
1178 1684 1327 1757 quod
1348 1684 1417 1740 de
1438 1685 1617 1740 orien-

114 1775 252 1830 talium
273 1770 606 1844 philosophia
632 1788 821 1828 verum
850 1788 967 1828 esse
994 1773 1169 1845 magis
1208 1773 1489 1845 magisque
1524 1773 1617 1829 de-

114 1862 269 1935 tegitur.
306 1860 381 1915 lta
406 1860 687 1932 explicata
708 1865 791 1917 est
817 1876 929 1916 una
957 1861 1184 1917 laudum
1205 1861 1471 1917 orationis
1490 1861 1617 1917 Phi-

112 1952 373 2023 losophicae:
434 1947 679 2004 claritas.
778 1948 1121 2021 Elegantiam
1181 1949 1445 2006 aliorsum
1518 1949 1616 2006 ab·

110 2038 349 2111 legavimus.
418 2037 571 2109 Lege
620 2036 697 2091 sis
744 2036 967 2094 interim
1016 2039 1495 2113 Quaerengum
1546 2038 1618 2095 de

110 2127 361 2199 Eloquentia
382 2124 725 2198 Philosophi.

164 2216 293 2271 XXI.
351 2215 475 2270 Sola
530 2214 735 2270 veritas
775 2214 991 2270 roeidua
1031 2220 1142 2287 est,
1196 2214 1292 2270 sed
1346 2214 1415 2270 de
1452 2213 1617 2285 hujus

106 2302 429 2377 comparandae
453 2319 523 2359 ac
556 2303 958 2359 confimiandae
984 2303 1227 2375 ratione,
1258 2302 1435 2376 deque
1460 2303 1615 2359 omni

108 2392 349 2448 inveniendi
387 2396 441 2447 et
468 2390 766 2460 judicandi
803 2390 1035 2447 artificio
1076 2396 1365 2465 praecepta
1403 2392 1617 2447 tradere

106 2482 151 2537 ad
170 2482 388 2554 Logicum
414 2479 677 2553 pez-tinet,
720 2480 814 2552 qui
844 2484 1029 2535 tamen
1057 2479 1156 2535 illa
1182 2484 1434 2536 accurata
1461 2479 1618 2536 clari-

108 2576 183 2624 tate
202 2570 463 2625 verborum
500 2568 821 2641 inquirendi
860 2584 924 2623 ac
960 2584 1179 2625 morose
1219 2573 1415 2625 cuncta
1442 2568 1617 2625 discu-

108 2658 241 2729 tiendi,
266 2656 559 2714 necessario
608 2656 856 2730 alioquin
895 2671 1077 2731 onere,
1131 2656 1358 2714 mirifice
1386 2658 1613 2715 levatur.

107 2747 204 2801 Nam
232 2748 273 2801 si
304 2746 451 2803 nulla
486 2762 609 2802 vox
647 2746 963 2819 adhibetur,
1006 2745 1115 2801 nisi
1154 2747 1301 2803 clara
1340 2750 1398 2802 et
1436 2750 1617 2803 certae

107 2834 389 2907 definitasque
410 2834 847 2907 significationis,
878 2834 1059 2890 omnis
1086 2834 1463 2907 aequivocatio
1484 2850 1617 2891 exu-

106 2925 157 2979 let
174 2941 351 2980 neeesse
368 2929 465 2998 est,
498 2939 617 2997 qua
635 2923 805 2980 semel
832 2925 988 2998 pulsa
1008 2923 1200 2998 ingens
1220 2925 1617 2998 sophismatum

105 3029 243 3084 agmen
265 3013 413 3068 simul
440 3017 761 3082 evanescet3
798 3029 899 3069 nec
938 3013 1228 3086 quicquam
1268 3015 1381 3070 fere
1418 3013 1491 3069 ad
1528 3030 1617 3069 so-

104 3101 179 3156 lide
193 3101 516 3170 judicandum
546 3101 835 3175 supererit,
864 3117 1031 3174 quam
1058 3104 1121 3157 ut
1148 3119 1337 3158 semus
1364 3102 1439 3159 ab
1468 3119 1611 3159 eiro-

106 3189 233 3262 ribus,
266 3191 497 3247 sensorio
526 3207 597 3246 ac
626 3191 807 3246 medio
836 3195 983 3246 recte
1024 3191 1361 3266 constitutis,
1406 3191 1617 3247 intelle-

104 3284 182 3332 ctus
203 3296 311 3336 vero
336 3279 643 3336 observatis
680 3278 813 3335 solis
850 3279 1357 3352 consequentiarum
1396 3279 1613 3353 regulis,

102 3373 449 3437 paese-ventur.
542 3369 702 3433 Quae
740 3383 911 3440 quum
936 3367 1018 3423 ita
1044 3367 1196 3440 sint,-
1214 3383 1409 3442 parum
1437 3367 1609 3442 abest,

101 3455 193 3525 quin
214 3457 421 3530 u-etlam,
450 3455 538 3512 uti
572 3455 895 3513 Rhetoricae
923 3457 1065 3512 duae
1092 3460 1221 3512 sunt
1258 3461 1457 3530 partes,
1502 3473 1614 3513 una

102 3542 147 3596 de
164 3544 313 3600 verbis
336 3547 633 3619 eleganter,
666 3550 859 3601 ornate
895 3549 953 3601 ct
993 3545 1283 3602 efficaciter
1317 3546 1609 3618 stmendiS‚

98 3631 225 3687 altera
246 3633 307 3689 de
328 3633 619 3690 movendis
646 3633 960 3706 affectibuS,
992 3633 1073 3688 ita
1101 3633 1355 3689 similiter
1380 3633 1614 3707 Logicae

99 3719 199 3773 duas
222 3738 318 3778 esse
341 3728 535 3795 partes,
569 3738 743 3777 unam
769 3722 1066 3796 verbalem,
1108 3723 1339 3778 alteram
1378 3722 1613 3778 realem:

97 3823 227 3863 unam
250 3809 306 3864 de
327 3812 469 3868 claro
498 3809 769 3867 distincto
796 3815 855 3866 et
893 3810 1119 3884 proprio
1158 3811 1450 3866 verborum
1493 3827 1612 3884 usu,

97 3912 163 3950 ssu
186 3897 245 3952 de
266 3899 375 3955 stilo
400 3898 815 3973 philosophico3
854 3899 1085 3956 alteram
1126 3899 1195 3955 de
1234 3898 1485 3972 regendis
1524 3917 1615 3956 co-

100 3983 396 4054 gitationibus.
447 3975 611 4044 Nam'
631 3988 1020 4060 Grammatica,
1062 3990 1126 4042 ut
1151 3989 1444 4060 loquamur
1480 4004 1617 4061 pin-e

98 4079 135 4125 et
154 4091 209 4128 ex
232 4092 319 4132 usu
344 4077 540 4151 gentis,
577 4093 680 4133 nos
708 4077 895 4149 ‹locet3
933 4075 1243 4149 Rhetorica,
1286 4080 1351 4132 ut
1388 4080 1515 4150 apte
1544 4077 1617 4133 ad

98 4165 325 4220 movendos
362 4166 623 4240 allecum
667 4165 895 4238 logica,
938 4169 1001 4220 ut
1028 4168 1157 4238 apte
1186 4165 1256 4222 ad
1287 4165 1617 4222 movendam

98 4255 272 4308 mitem
306 4254 568 4310 dicamus.
659 4253 1135 4319 Quemadmodum
1172 4253 1341 4327 igitur
1378 4252 1462 4309 illi
1502 4269 1617 4310 non

100 4339 354 4417 probantur,
407 4343 505 4416 qui
548 4342 865 4398 Orator-iam
904 4358 941 4398 a
978 4341 1271 4398 Rhetorica
1326 4341 1612 4416 divellunt,

99 4431 323 4486 satoriam
358 4432 429 4487 de
466 4431 763 4488 movendis
798 4431 1083 4488 affectibus
1097 4472 1113 4505 ,
1157 4430 1505 4487 Rhetoricam
1548 4431 1617 4487 de

100 4514 299 4587 elegantia
324 4519 589 4578 dictionis
614 4519 979 4593 praescribere
998 4519 1228 4588 Jubent:
1258 4549 1330 4560 --
1358 4521 1507 4593 quod
1536 4522 1615 4576 fa-

99 4601 195 4660 tiunt
224 4609 493 4666 Ramistae
547 4607 777 4682 quidam
817 4611 915 4664 aut
953 4607 1453 4682 Semi-Ramistae,
1506 4607 1613 4664 viri

101 4698 245 4750 taeta-a
268 4697 591 4770 doctissimi,
613 4696 1201 4769 Keckermannus,
1232 4696 1608 4771 Alstedius,

101 4779 230 4838 Conr.
253 4787 689 4858 Dieterieus,
718 4785 989 4858 caspar.
1029 4785 1511 4843 Bartholinus:
1532 4815 1603 4826 -

100 4874 511 4949 qmrmdmodum,
546 4875 793 4948 inquam,
822 4874 906 4930 illi
934 4863 1049 4930 non
1078 4874 1397 4948 probantur,
1442 4891 1611 4950 quum

1718 709 1882 782 ratio,
1934 713 2007 783 et,
2060 708 2260 781 quibus
2308 724 2482 781 prope
2522 710 2655 766 solis
2693 712 2752 767 id
2789 714 2867 787 fit,
2899 716 3192 771 verborum
3227 718 3302 774 ad

1717 798 1821 855 hoc
1871 802 2001 870 apte
2053 797 2496 854 collocandorum
2555 804 2844 871 praecepta
2891 804 3299 862 contineanturx

1716 886 1799 942 ita
1826 902 1943 942 non
1970 885 2392 960 improbandum
2419 886 2674 959 arbitror,
2705 888 2802 960 qui
2829 888 2993 945 simul
3031 896 3088 947 et
3115 893 3186 949 de
3210 910 3302 951 co·

1719 974 1932 1048 gitandi
1959 974 2278 1049 praeceptiS,
2311 978 2368 1030 et
2395 991 2592 1046 genere
2628 976 2845 1033 dicendi
2885 978 2958 1033 ad
2996 978 3300 1039 docendum

1718 1067 1851 1136 apto
1891 1066 2126 1119 tractare
2171 1063 2246 1119 ad
2283 1062 2470 1136 Logici
2509 1067 2690 1137 partes
2734 1065 3005 1139 pertinere
3041 1068 3300 1127 tuebitur.

1719 1154 1901 1217 Qum
1929 1169 2028 1208 nec
2056 1151 2382 1207 Nizolius
2409 1153 2668 1227 peccavit,
2700 1155 2846 1226 quod
2874 1154 2936 1210 in
2961 1154 3166 1229 Logica
3191 1162 3302 1215 tra-

1718 1240 1958 1296 ctatione
1997 1240 2214 1297 dicendi
2266 1240 2540 1296 rationem
2591 1246 2844 1299 exactam
2881 1243 3087 1315 passim
3121 1250 3298 1321 urget,

1718 1346 1819 1385 nec
1858 1330 2118 1402 fortasse,
2172 1328 2267 1401 qui
2322 1332 2452 1385 ante
2499 1328 2852 1386 Nizolium
2903 1345 2974 1388 eo
3027 1333 3096 1389 de
3142 1346 3302 1407 argu*

1717 1420 1907 1473 mento
1947 1420 2062 1473 tam
2099 1417 2162 1472 in
2195 1417 2349 1473 omni
2377 1418 2844 1492 Encyclopaediae
2871 1424 3030 1492 parte
3055 1436 3302 1479 necem-

1716 1506 1819 1579 rio,
1864 1505 2029 1579 paulo
2070 1505 2240 1561 fusius
2267 1506 2500 1579 praefati
2547 1524 2748 1563 sumus
2835 1508 3094 1582 Inprimis
3129 1522 3302 1583 quum

1716 1612 1783 1651 eo
1812 1593 2160 1667 potissimum
2187 1595 2294 1649 fine
2321 1592 2667 1673 Nizolium
2707 1596 3056 1672 ediderimus,
3097 1604 3178 1673 ut,
3209 1601 3302 1657 vel

1716 1682 1899 1739 alieno
1927 1682 2134 1755 labore,
2177 1681 2642 1738 contribueremus
2686 1684 2894 1756 aliquid
2941 1687 3016 1742 ad
3061 1687 3302 1760 philoso-

1716 1770 1880 1845 phiae
1906 1768 2184 1826 solidioris
2215 1769 2688 1843 instaurationem,
2724 1787 2862 1844 quae
2889 1790 3038 1830 nunc
3063 1779 3152 1831 tot
3179 1776 3300 1833 nbi-

1714 1874 1821 1932 que
1877 1858 2106 1914 summis
2163 1858 2397 1931 ingeniis
2455 1858 2860 1916 continentibus
2908 1865 3026 1917 tam
3081 1864 3300 1937 pulchre

1716 1948 1978 2021 procedit,
2022 1946 2404 2017 adiuvandam.
2497 1948 2786 2020 Sper-amus
2827 1949 2977 2005 enim
3003 1967 3040 2006 a
3065 1951 3302 2010 lectione

1714 2035 1877 2105 huius
1923 2036 1976 2091 N
1991 2036 2052 2091 iz
2067 2035 2352 2092 olianae
2401 2036 2880 2093 commentationis
2927 2054 3044 2095 non
3093 2041 3302 2097 medio·-

1714 2142 1862 2181 crem
1921 2127 2158 2183 fructum
2213 2124 2276 2179 in
2333 2140 2452 2181 rem
2507 2124 2939 2199 philosophicam
2995 2128 3302 2185 redmidam

1715 2230 1893 2288 posse,
1927 2212 2014 2269 vel
2043 2212 2186 2285 ideo,
2226 2217 2290 2269 ut
2327 2212 2574 2269 homines
2603 2214 2793 2271 sobrio
2831 2215 2930 2288 illi,
2972 2232 3038 2272 ac
3075 2218 3302 2292 proprio

1715 2307 1773 2359 et
1799 2301 2008 2373 nativo,
2041 2318 2108 2357 ac
2132 2317 2260 2357 vere
2295 2300 2667 2376 philosophico
2705 2302 2925 2359 dicendi
2962 2306 3146 2377 generi
3185 2318 3302 2362 ma·-

1716 2392 1800 2464 gis
1850 2390 2134 2463 magisque
2181 2390 2502 2463 assuefiant3
2553 2392 2876 2463 praesertim
2923 2408 3093 2465 quum
3135 2408 3300 2452 nemo

1716 2479 1852 2535 mihi
1885 2478 2108 2551 quidem
2135 2478 2370 2551 scriptor
2395 2483 2560 2535 notus
2587 2480 2678 2553 sit,
2721 2479 2816 2552 qui
2845 2481 2966 2553 pari
2994 2483 3132 2556 zelo,
3177 2484 3302 2540 dili-

1717 2567 1920 2641 gentia,
1951 2570 2118 2639 atque
2145 2566 2332 2640 etiam,
2365 2566 2414 2623 si
2443 2572 2652 2624 attente
2677 2568 2904 2643 legatur,
2939 2570 3195 2645 efficacia,
3237 2572 3300 2629 iu

1716 2672 1841 2713 eam
1860 2671 1982 2711 rem
2001 2654 2326 2728 incubuerit,
2347 2660 2412 2711 ut
2431 2672 2623 2713 omnes
2643 2657 2772 2713 illae
2791 2658 3082 2716 verborum
3108 2660 3304 2733 spinae

1716 2761 1791 2801 ex
1828 2760 1962 2817 agro
2009 2744 2383 2818 philosophico
2433 2746 2678 2803 funditus
2725 2746 3048 2803 avellantur.
3137 2748 3302 2815 Quod

1716 2833 1940 2907 quidem
1965 2832 2024 2888 in
2056 2837 2214 2907 parte
2239 2832 2440 2905 Logica
2467 2838 2632 2907 atque
2659 2833 2780 2907 ipso
2809 2835 3181 2909 philosophiae
3208 2852 3302 2893 ve·

1716 2922 1924 2980 stibulo
1952 2921 2032 2978 sic
2058 2922 2192 2979 satis
2218 2920 2550 2995 praestitisse
2579 2922 2716 2978 mihi
2737 2922 2968 2999 videtur,
2997 2925 3304 2984 dummodo

1716 3011 1976 3084 existant,
2007 3011 2156 3084 quod
2185 3013 2302 3067 fore
2329 3027 2442 3066 non
2481 3011 2828 3086 desperamus
2865 3014 2927 3068 in
2964 3013 3065 3070 hac
3101 3016 3300 3072 floren-

1714 3100 1855 3156 tium
1895 3099 2108 3173 passim·
2138 3096 2479 3174 egregiorum
2515 3099 2860 3174 ingeniorum
2897 3101 3160 3176 ubertate,
3197 3103 3300 3176 ‘qui

1714 3193 1969 3262 coeptum
2005 3188 2174 3245 semel
2213 3189 2462 3244 laborem
2499 3195 2916 3262 persequantur,
2959 3205 3026 3246 ac
3060 3191 3302 3265 reliquas

1714 3277 2090 3351 philosophiae
2117 3281 2316 3351 partes,
2356 3277 2800 3353 metaphysieam,
2832 3279 3114 3352 physicam·
3141 3297 3301 3353 gene—

1715 3366 1904 3440 ralem,
1937 3366 2336 3439 philosophiam
2363 3365 2580 3422 civilem
2621 3383 2686 3423 ac
2715 3383 2901 3422 veram
2921 3367 3306 3442 ‚iurisprudew

1714 3454 1853 3510 tiam
1881 3471 1918 3510 a
1946 3455 2304 3511 terminorum
2324 3454 2581 3528 implexis
2608 3455 2856 3512 sentibus
2875 3457 3068 3513 eadem
3087 3457 3305 3514 ratione

1714 3547 1980 3617 purgent3
2009 3542 2392 3616 polliceremur
2411 3543 2482 3598 de
2509 3544 2673 3599 nobis
2705 3543 2931 3618 aliquid,
2962 3545 3070 3600 nisi
3098 3545 3304 3618 partim

1715 3631 1839 3687 aliis
1868 3630 2065 3686 studiis
2093 3631 2540 3704 distraheremur,
2584 3632 2789 3704 partim
2833 3631 3147 3689 timeremus
3187 3649 3304 3690 ma-

1714 3721 1914 3776 teriam
1940 3719 2066 3774 aliis
2093 3719 2419 3793 praeripere,
2451 3719 2634 3791 aptius
2663 3719 2852 3775 omnia
2879 3722 3235 3792 praes-tinnis.

1804 3807 1996 3864 XXII.
2041 3807 2329 3863 Caeterum
2368 3807 2516 3879 quod
2545 3805 2824 3886 Niaolium
2862 3808 2981 3863 dixi
3022 3825 3156 3882 prae
3179 3823 3303 3866 cae-

1716 3897 1847 3954 teris
1877 3895 2086 3969 aliquid
2115 3895 2176 3950 in
2201 3895 2305 3951 hoc
2334 3909 2531 3968 genere
2552 3895 2899 3969 praestitisse,
2931 3897 2990 3952 id
3017 3897 3160 3954 tueri
3186 3913 3304 3953 non

1715 4001 1921 4042 vereor.
2009 3983 2156 4040 Nam
2198 3983 2438 4040 illustres
2463 3983 2548 4039 illi
2575 3984 2948 4057 philosophiae
2975 3985 3304 4042 instaurato-

1716 4091 1803 4132 res
1841 4073 2093 4130 hodierni
2129 4073 2191 4128 in
2233 4089 2301 4128 eo
2343 4072 2528 4146 potius
2565 4077 2915 4148 occupantur,
2955 4078 3022 4131 ut
3055 4087 3158 4130 sua
3193 4073 3304 4132 sibl

1718 4163 1944 4220 inventa
2001 4167 2062 4218 et
2118 4161 2358 4234 cogitata
2413 4161 2688 4234 praeclare
2745 4162 3080 4220 constituant
3137 4167 3306 4238 atque

1718 4255 2015 4324 exornent,
2067 4265 2236 4322 quam
2284 4253 2349 4306 ut
2399 4255 2582 4306 vetera
2631 4254 2692 4306 et
2740 4250 2802 4306 in
2839 4252 3038 4308 scholis
3087 4257 3305 4327 recepta

1717 4338 2136 4397 Aristotelis
2185 4338 2628 4395 scholasticorum
2677 4339 2908 4415 tradita,
2962 4339 3178 4414 poliant
3237 4357 3306 4397 ac
3348 4339 3356 4343 ’

1718 4433 1968 4503 purgent.
2057 4428 2241 4493 Quum
2279 4432 2464 4484 tamen
2503 4443 2618 4483 non
2645 4429 2720 4484 sit
2758 4445 2791 4484 e
2817 4445 2878 4485 re
2907 4427 3303 4503 philosophiae,

1716 4521 1901 4574 vetem
1937 4533 2159 4590 prorsus
2197 4515 2461 4588 abjicere,
2515 4516 2612 4572 sed
2661 4517 2956 4574 emendare
2989 4517 3202 4592 potius,
3246 4519 3306 4575 et

1715 4606 1864 4679 quod
1892 4605 2168 4677 egregium
2195 4609 2294 4678 est,
2325 4604 2512 4677 qualia
2537 4609 2684 4661 certe
2723 4610 2853 4661 sunt
2889 4605 3206 4680 innumera,
3247 4611 3306 4663 et

1715 4695 2037 4769 praesertim
2064 4709 2206 4766 quae
2231 4693 2356 4767 ipso
2384 4691 2804 4750 Aristotelis
2833 4697 2990 4750 textu
3014 4695 3306 4752 ›continen-

1713 4788 1819 4856 tur,
1848 4783 2100 4839 tolerare.

1802 4871 2023 4928 XXIII.
2087 4869 2300 4927 Deinde
2339 4871 2516 4926 fateor
2569 4869 2640 4926 de
2679 4869 2920 4928 dictione
2958 4869 3304 4944 philosopho-

98 4953 149 5010 ita
166 4959 399 5034 implexus
426 4964 505 5020 sit
531 4963 722 5021 verbis
748 4963 930 5019 omnis
966 4962 1261 5036 cogitandi·
1282 4963 1613 5036 volendique
1711 4974 1837 5017 rum
1877 4959 2184 5034 vulgarium
2223 4958 2462 5015 barbara
2499 4959 2800 5034 abolenda,
2842 4961 3134 5032 monuisse,
3174 4973 3304 5014 con*

97 5051 213 5120 &tu-5
246 5058 300 5108 ut
336 5053 435 5108 vix
472 5049 728 5124 unquam
767 5051 875 5107 nisi
915 5051 1083 5108 tacito
1110 5051 1259 5108 intra
1286 5067 1391 5108 nos
1417 5051 1611 5109 verbo-

96 5147 179 5192 rum
197 5153 279 5197 usu
302 5141 421 5214 tiat3
450 5155 635 5215 quum
652 5139 823 5199 verba
850 5139 961 5198 sint
986 5141 1304 5217 proximum
1332 5141 1607 5214 cogitandi
1655 5187 1665 5228 ι

1712 5049 1960 5123 siluisse,
1992 5047 2322 5105 declamasse
2351 5047 2572 5120 inultos,
2602 5063 2722 5104 rem
2749 5047 2928 5122 ipsam
2973 5061 3122 5119 vero,
3141 5044 3305 5117 ‘quod

1715 5137 1843 5196 fecit
1871 5137 2224 5209 NizoliuS,
2257 5151 2678 5279 aggressos9esse
2699 5147 2916 5211 paucos,
2939 5134 3071 5206 quia
3093 5133 3311 5193 facilius
