3717 5850
345 314 480 386 104

342 471 508 529 nibus
560 486 659 527 seu
710 484 904 524 omnes
966 466 1208 525 ridentes
1264 472 1399 524 sunt
1446 468 1697 525 homines
1750 467 1922 523 etiam
1968 464 1976 520 Ξ

342 562 541 619 falsam
613 574 772 630 esse,
848 572 980 612 nam
1057 562 1121 612 ut
1196 573 1326 613 vera
1400 557 1477 613 sit
1546 557 1717 613 etiam
1792 573 1924 613 vera

240 652 245 660 '
338 652 475 707 erit:
528 648 755 722 quidam
804 645 1049 702 ridentes
1102 650 1235 703 sunt
1294 645 1358 701 in
1418 644 1765 718 hominibus3
1825 646 1924 703 sed

341 756 411 797 ea
475 738 615 795 msa
678 740 765 791 est
828 734 879 789 si
943 733 1129 789 nullus
1184 735 1351 791 homo
1414 734 1605 791 rideat.
1693 735 1775 790 At
1838 750 1923 790 se·

340 844 437 886 eus
468 830 556 882 oet
581 824 633 881 si
662 824 844 880 dicas:
888 839 1145 895 omues,
1192 823 1255 879 si
1296 822 1412 895 qui
1453 822 1714 895 rident,
1758 827 1924 879 sunt

340 918 414 974 in
452 912 889 985 hominibus,
932 912 1281 968 namexlno
1306 927 1423 967 non
1450 911 1725 982 sequitur:
1768 910 1920 984 qui·

340 1007 523 1076 dam,
568 1002 689 1076 qui
732 1001 995 1073 rident,
1044 1004 1205 1056 sunt
1242 1000 1315 1055 in
1344 998 1773 1071 hominibus,
1818 999 1920 1055 sed

338 1095 473 1150 haec
493 1095 737 1148 tantum:
768 1090 1075 1163 quidum²
1105 1088 1163 1144 si
1190 1088 1311 1161 qui
1340 1087 1593 1159 rident,
1624 1104 1741 1143 seu
1770 1104 1921 1160 sup-

338 1181 559 1256 positi
602 1180 949 1251 ridentes,
998 1181 1160 1233 sunt
1201 1176 1273 1233 in
1314 1176 1731 1235 hominibus.
1807 1177 1920 1232 lta-

335 1288 447 1344 que
488 1268 853 1341 syllogismus
902 1266 1009 1323 erit
1060 1264 1217 1321 talis:
1272 1280 1500 1321 omnes
1557 1265 1918 1340 suppositi

337 1360 655 1419 ridentes
700 1360 866 1411 sunt
908 1350 1273 1427 suppositi
1316 1353 1661 1425 ridentes,
1708 1353 1919 1427 (neque

336 1448 491 1505 enim
531 1447 663 1504 lieet
702 1444 901 1515 dicere,
946 1458 1140 1498 omnes
1184 1442 1457 1516 suppositi
1500 1443 1743 1499 ridentes
1788 1448 1923 1499 sunt

336 1541 463 1595 seui
504 1530 783 1605 ridentes)
826 1546 1023 1589 omnes
1066 1530 1339 1604 suppositi
1372 1530 1617 1587 ridentes
1650 1536 1784 1588 sunt
1824 1533 1922 1589 ho-
1956 1574 1962 1581 .

336 1626 533 1682 mines.
642 1622 789 1694 Ergo
854 1619 1081 1693 quidam
1132 1620 1385 1677 homines
1456 1626 1591 1677 sunt
1644 1621 1922 1693 suppositi

332 1713 596 1787 ridentes,
643 1727 743 1767 seu
786 1708 1229 1783 interpretandot
1282 1724 1477 1765 omnes
1532 1709 1804 1784 suppositi
1846 1710 1922 1767 ri-

332 1804 527 1859 dentes
570 1804 703 1857 sunt
746 1799 807 1855 in
850 1798 1153 1873 suppositis
1182 1798 1511 1871 ridentibus,
1556 1815 1751 1855 omnes
1794 1816 1923 1873 sup-

330 1892 502 1966 positi
554 1889 799 1946 fidentes
852 1891 986 1943 sunt
1036 1888 1099 1943 in
1150 1886 1487 1959 hominibus,
1544 1888 1751 1943 seilioet
1792 1905 1922 1961 sup-

330 1979 529 2055 positis
542 2019 560 2051 ,
618 1994 749 2051 ergo
790 1976 1019 2049 quidam
1070 1976 1322 2031 homines
1368 1975 1639 2049 suppositi
1682 1981 1815 2033 sunt
1856 1976 1920 2033 in

330 2066 633 2143 suppositis
688 2065 1017 2122 ridentibus,
1106 2063 1251 2121 Hine
1306 2066 1460 2137 petet
1510 2064 1681 2121 etiam
1734 2066 1920 2122 subal-

331 2155 659 2215 ternationis
702 2152 1153 2228 consequentiam
1184 2153 1353 2209 simili
1384 2152 1583 2211 abusui
1612 2155 1918 2212 obnoxiam

1214 325 1427 383 xxw.
1484 324 1555 382 A.
1574 324 1681 381 us.
1700 324 1948 383 ems
1965 324 2112 383 sun
2129 322 2235 383 uu
2255 322 2594 399 rumeins
2635 329 2738 382 ete.

2023 483 2162 525 esse.
2249 466 2448 523 Omnis
2491 467 2678 525 ridens
2721 469 2809 523 est
2849 465 3047 540 homo,
3091 482 3226 540 ergo
3265 466 3480 539 quidam
3517 474 3579 529 ri·

2023 558 2160 616 dens
2205 560 2294 611 est
2333 555 2516 613 homo.
2583 558 2800 613 Revera
2839 554 2992 611 enim
3033 556 3258 611 nemine
3293 573 3480 631 reapse
3517 561 3580 617 ri·

2022 646 2190 702 dente
2233 644 2418 701 nullus
2461 644 2650 701 ridens
2691 648 2780 701 est
2829 644 3016 701 homo.
3112 644 3306 718 Itaque
3345 651 3492 719 patet
3526 650 3578 706 in

2022 733 2124 790 tali
2165 732 2480 803 objectione
2531 733 2969 807 propositionem
3022 732 3388 789 universalem
3437 736 3578 795 intel-

1967 831 1974 858 *
2021 822 2120 895 ligi
2161 822 2340 879 solere
2381 822 2454 879 de
2497 823 2786 898 supposito
2827 821 3061 895 ridente,
3106 822 3481 895 particularem
3519 828 3580 883 de

2021 912 2222 967 aemuli
2275 912 2510 969 ridente.
2605 912 2800 985 ltaque
2851 926 2980 967 eum
3031 910 3262 983 dieitur,
3305 914 3480 969 omnis
3517 916 3578 971 ri-

2021 999 2159 1055 dens
2203 1003 2292 1057 est
2331 1001 2526 1073 homo,
2585 1016 2718 1074 ergo
2767 998 2994 1073 quidam
3045 998 3233 1057 ridens
3287 1002 3576 1075 esthemo,

2021 1104 2219 1144 sensus
2265 1089 2400 1146 erit:
2453 1090 2638 1146 omnis
2681 1088 3002 1163 suppositus
3055 1088 3244 1145 ridens
3287 1094 3373 1145 est
3411 1090 3577 1163 homo,

2019 1194 2152 1249 ergo
2191 1178 2418 1251 quidam
2461 1178 2779 1252 suppositus
2821 1176 3013 1235 ridens
3053 1182 3143 1233 est
3183 1177 3364 1235 homo.
3435 1179 3579 1237 Unde

2019 1272 2168 1322 recte
2209 1266 2570 1341 concluditur,
2613 1267 2842 1340 quidam
2891 1266 3058 1323 homo
3113 1264 3346 1340 (nempe
3398 1282 3578 1341 suppo-

2020 1354 2194 1425 situs)
2238 1361 2326 1411 est
2368 1356 2686 1430 suppositus
2729 1356 2934 1413 ridens.
3035 1355 3146 1411 Sed
3187 1370 3304 1413 non
3345 1354 3470 1413 inde
3509 1358 3580 1413 in·

2021 1447 2222 1501 seruit:
2269 1461 2434 1519 ergo
2463 1445 2742 1518 quidam
2772 1446 2970 1501 homo
3014 1447 3123 1499 est
3150 1448 3312 1502 netu
3341 1444 3578 1501 ridens.

2019 1533 2130 1591 Sed
2169 1532 2221 1589 si
2265 1534 2445 1606 dieas,
2489 1534 2720 1591 omnis
2761 1537 2922 1590 actu
2965 1548 3150 1589 nune
3189 1532 3448 1606 ridens,
3489 1540 3580 1591 est

2021 1622 2249 1694 homo,
2305 1622 2470 1695 ponis
2513 1640 2707 1679 revera
2747 1622 2990 1693 aliquem
3033 1636 3185 1679 nune
3237 1625 3362 1677 acui
3401 1622 3578 1695 ridere,

2021 1726 2260 1784 eumque
2313 1727 2436 1767 esse
2489 1712 2800 1784 hominem,
2845 1712 3094 1783 &leoque
3145 1708 3386 1782 aliquem
3427 1712 3580 1767 bomi-

2021 1816 2154 1855 nem
2196 1804 2322 1855 actu
2361 1800 2572 1873 ridere,
2617 1816 2836 1875 semper
2878 1800 3032 1857 enim
3059 1798 3450 1857 assumendum
3489 1806 3577 1873 est,

2021 1888 2320 1945 terminum
2363 1906 2488 1945 osse
2530 1906 2724 1947 verum
2769 1889 2910 1961 Em,
2954 1893 3016 1945 at
3057 1892 3186 1945 actu
3231 1904 3374 1945 nunc
3415 1889 3578 1945 ridens

2021 1994 2094 2034 ne
2137 1978 2360 2051 quidem
2403 1980 2520 2035 Ens
2565 1979 2670 2035 erit
2713 1977 2762 2034 si
2819 1978 3021 2035 falsum
3075 1976 3156 2033 sit
3195 1976 3432 2050 aliquem
3473 1984 3578 2035 actu

2019 2067 2214 2125 ridere.

1889 2438 2052 2447 ---.—-
2093 2439 2110 2445 -
2189 2438 2348 2445 ---—-—.

1799 2708 2138 2801 XXIV.

1546 2885 2390 3000 EXTRAIT,

1834 3056 2088 3118 n’UNE

1123 3201 1741 3321 LETTRE
1832 3201 1940 3320 A
2026 3200 2228 3319 Mn„
2301 3198 2810 3322 BAYLE

385 3375 552 3480 'suu
596 3422 699 3479 υΝ
742 3421 1079 3478 PRINCIPE
1120 3399 1487 3496 oman
1532 3421 1755 3480 oms
1796 3421 1851 3478 A
1894 3420 2458 3479 L'EXPLICATION
2501 3421 2640 3480 ors
2681 3423 2865 3480 Lo1x
2901 3423 3000 3480 ns:
3041 3425 3140 3482 LA
3183 3423 3499 3485 ΝΑτυηε.

1685 3690 2223 3784 1687.

1794 3875 1917 3883 ——.
1944 3877 1953 3882 -
1998 3875 2112 3884 ----—-

890 3969 1187 4034 (Nouveuos
1224 3978 1282 4022 de
1318 3978 1371 4022 18
1406 3975 1699 4032 renumque
1736 3977 1825 4022 des
1863 3979 2036 4022 lettres
2073 3988 2166 4032 par
2203 3977 2398 4031 Buyle
2433 3976 2596 4022 Amal.
2637 3977 2786 4024 ¹6⁸⁷.
2824 3967 3013 4034 suist).

406 4189 518 4245 J'ai
560 4205 648 4244 vu-
676 4203 739 4244 ee
790 4203 898 4260 que
953 4187 1009 4245 le
1050 4186 1119 4243 R.
1163 4189 1219 4244 S.
1263 4186 1763 4244 Malebranehe
1817 4184 1901 4242 re-

2004 4185 2270 4260 principe,
2313 4185 2410 4258 qui
2453 4187 3571 4262 estdograndusagedansleraison-

318 4278 473 4352 pond
514 4275 550 4333 8
592 4277 647 4334 18
690 4291 979 4348 remarque
1024 4292 1132 4349 que
1170 4274 1377 4346 J'avais
1432 4275 1567 4332 faite
1608 4291 1705 4331 sur
1747 4273 1899 4347 quel·
2001 4279 2248 4348 nement,
2292 4279 2352 4331 et
2392 4290 2500 4347 que
2535 4272 2599 4343 je
2641 4291 2716 4331 ne
2772 4281 2964 4334 trouve
3015 4295 3118 4351 pas
3173 4295 3375 4336 encore
3427 4295 3570 4336 assez

315 4383 454 4440 ques
520 4365 641 4422 loix
704 4365 777 4422 de
840 4363 898 4420 18
962 4370 1191 4437 natiue,
1254 4363 1393 4436 qu'il
1456 4363 1611 4420 avoit
1664 4361 1898 4419 etsblies

315 4455 457 4516 dans
500 4456 557 4511 18
596 4453 880 4511 recherdie
924 4452 995 4509 de
1038 4454 1095 4510 18
1136 4450 1323 4508 verite.
1396 4451 1445 4506 n
1486 4451 1698 4508 semble
1740 4467 1899 4508 assez

2003 4361 2275 4436 employe,
2321 4361 2384 4418 ni
2425 4379 2583 4420 assez
2625 4380 2808 4421 eonnu
2837 4366 2977 4422 dans
3009 4371 3163 4424 toute
3194 4385 3300 4426 son
3329 4368 3566 4426 etendue.

2001 4451 2048 4508 11
2091 4467 2128 4508 a
2169 4467 2274 4508 son
2319 4449 2531 4524 origine
2575 4452 2646 4508 de
2689 4451 2990 4529 l'insini,
3037 4451 3084 4512 il
3125 4462 3214 4513 est
3245 4457 3444 4514 absolu
3484 4455 3568 4512 ne-

314 4542 537 4618 dispose
571 4541 607 4599 8
632 4543 715 4600 les
758 4542 1122 4599 abandonner
1162 4539 1482 4612 lui-meme,
1527 4545 1587 4596 et
1624 4543 1771 4596 cette
1810 4540 1899 4596 in·
1947 4544 1952 4592 Ι
1999 4541 2236 4598 oessaire
2291 4541 2431 4598 dans
2471 4541 2532 4598 18
2573 4540 2914 4616 (Ξόοωὲιήο,
2967 4544 3112 4600 mais
3153 4546 3198 4602 il
3237 4547 3440 4602 reussit
3479 4561 3568 4600 en-

314 4632 539 4706 genuit&
558 4636 644 4689 est
676 4635 789 4690 fort
819 4630 1075 4703 lemme,
1118 4629 1261 4686 mais
1292 4644 1509 4686 somme
1538 4629 1583 4686 il
1608 4645 1681 4686 en
1710 4629 1896 4687 donne

312 4721 413 4780 des
454 4721 675 4780 raisons
716 4725 777 4778 et
818 4720 916 4776 des
944 4718 1305 4790 νοσῇ-18110118,
1348 4717 1445 4790 qui
1470 4733 1614 4774 nous
1658 4718 1896 4776 feroient

311 4815 527 4868 reniret
577 4810 717 4866 dans
780 4805 1101 4866 l'obseurite
1164 4807 1305 4863 dont
1358 4805 1422 4876 j0
1482 4807 1627 4864 (τι-οἱς
1678 4805 1896 4864 d’avoir

312 4899 419 4958 tiro
460 4915 525 4957 ee
568 4898 732 4970 snjet,
776 4900 836 4952 et
876 4897 974 4969 qui
1014 4896 1292 4968 choquent
1320 4910 1400 4952 un
1441 4895 1653 4952 certain
1694 4895 1894 4953 Prin-

310 4989 471 5062 cipe
514 4987 595 5044 de
638 4984 896 5044 l’ordre
939 4981 1249 5058 general,
1295 5000 1402 5057 que
1438 4981 1545 5054 j'ai
1584 4983 1892 5058 remarque,

303 5075 549 5150 j’espere
590 5075 727 5148 qu'il
768 5088 906 5131 aura
948 5075 1005 5130 18
1048 5072 1219 5132 bonth
1275 5073 1346 5130 de
1402 5077 1728 5147 permeare,
1782 5089 1894 5146 que

302 5165 367 5236 je
410 5181 501 5224 me
544 5179 703 5222 serve
744 5162 816 5220 de
857 5167 1003 5220 cette
1044 5161 1299 5221 oooesion
1326 5178 1469 5237 pour
1498 5162 1787 5236 expliquer
1826 5179 1893 5220 oe
1939 5213 1945 5228 ,

1997 4645 2126 4687 oore
2168 4629 2307 4688 dans
2349 4629 2410 4686 18
2449 4629 2744 4704 Physique,
2789 4647 2892 4704 por
2933 4648 2996 4688 ee
3028 4648 3136 4706 que
3166 4635 3223 4691 18
3251 4635 3567 4692 souverains

1995 4717 3570 4796 mgesmquiestlasouroedetoutesdmsaefflgit

1995 4823 2068 4863 en
2109 4806 2314 4880 pai-fait
2353 4805 2668 4883 Geometre,
2713 4814 2774 4865 et
2811 4809 3036 4866 suivant
3075 4826 3188 4868 une
3225 4811 3508 4870 hannonie
3535 4808 3568 4866 ὲ

1991 4895 2230 4969 laquelle
2280 4893 2404 4951 rien
2457 4911 2530 4952 ne
2589 4913 2652 4952 se
2701 4892 2844 4971 peut
2897 4897 3132 4970 ajouter.
3227 4901 3376 4958 C'est
3415 4915 3568 4974 pour-

1991 4983 2128 5058 quoi
2165 5000 2230 5041 oe
2272 4983 2518 5059 principe
2559 4991 2676 5043 sert
2715 4990 2954 5044 souvent
2993 4987 3064 5044 de
3105 5003 3310 5062 preuve
3339 5005 3414 5046 ou
3445 5003 3568 5046 exa·

1992 5089 2125 5131 men
2165 5089 2309 5147 pour
2350 5075 2488 5132 faire
2529 5076 2654 5133 voit
2695 5075 2928 5134 d'abord
2987 5081 3044 5132 et
3095 5093 3198 5151 par
3239 5079 3434 5136 debon-s
3449 5118 3465 5148 ,
3517 5076 3570 5132 le

1992 5160 2184 5221 debut
2223 5163 2390 5220 d'une
2429 5163 2660 5238 opinion
2701 5165 2815 5222 mal
2857 5164 3142 5224 concert&
3181 5173 3352 5226 avant
3393 5167 3569 5224 meme
