3717 5850
383 309 473 384 46
1591 325 1688 382 111.
1733 324 2123 382 coNrFsfflo
2152 323 2530 384 NATURAE.

384 471 457 526 sit
483 469 665 544 potius
695 467 958 540 tripedale
997 483 1162 540 quam
1192 466 1458 541 bipedale,
1500 471 1558 522 ct
1593 485 1692 524 cur
1729 467 1961 540 quadra-

383 563 504 615 tum
553 558 735 632 potius
771 573 938 629 quam
986 556 1298 612 rotundum.
1373 555 1539 625 Cujus
1579 557 1660 613 rei
1706 557 1852 612 mtio
1890 572 1963 612 ex

382 663 673 720 corporum
711 651 908 702 natura
947 647 1102 704 reddi
1153 662 1269 702 non
1311 650 1520 719 potest,
1573 647 1766 702 eadem
1813 645 1964 702 enim

384 735 616 793 materia
664 734 736 790 ad
783 751 1161 808 quamcunque
1209 737 1438 807 figuram
1487 735 1604 790 sive
1639 733 1965 807 quadratam

383 825 499 884 sive
525 825 820 882 rotundam
847 824 1269 880 indeterminata
1305 829 1406 881 est.
1473 823 1601 879 Duo
1637 824 1806 896 igitur
1843 827 1965 878 tan-

384 923 502 970 tum
529 913 846 988 responderi
865 918 1110 986 possunt,
1143 913 1230 968 vel
1251 929 1445 986 corpus
1463 912 1804 984 propositum
1833 927 1965 983 qua-

384 1004 603 1059 dratum
655 1003 822 1060 fuisse
872 1004 944 1059 ab
997 1007 1246 1074 aeternO,
1310 999 1396 1056 vel
1451 1001 1523 1056 ab
1575 999 1800 1056 alterius
1847 1017 1965 1055 cor-

385 1093 534 1165 poris
601 1091 844 1164 impactu
909 1092 1234 1163 quadratum
1306 1092 1510 1145 sactum
1587 1104 1728 1160 oese,
1798 1087 1966 1160 siqui-

385 1182 512 1236 dem
549 1181 621 1236 ad
661 1197 881 1236 causam
920 1180 1296 1252 incorpoream
1341 1179 1633 1249 confligere
1672 1176 1831 1232 noliS.
1905 1177 1963 1232 Si

383 1270 546 1326 dicis:
587 1269 660 1326 ab
701 1273 924 1324 aeterno
964 1269 1127 1324 ruisse
1165 1267 1492 1339 quadratum
1528 1283 1595 1322 eo
1635 1265 1756 1338 ipso
1796 1265 1964 1322 ratio-

383 1375 514 1414 nem
538 1375 654 1413 non
682 1357 940 1429 assignas,
965 1355 1158 1429 quidni
1186 1355 1334 1410 enim
1357 1360 1610 1426 potuerat
1637 1355 1709 1410 ab
1739 1359 1964 1410 aeterno

383 1465 500 1504 esse
519 1445 890 1520 sphaericum!
921 1443 1211 1500 aeternitas
1231 1443 1434 1516 quippe
1463 1443 1666 1498 nullius
1697 1443 1776 1499 rei
1797 1460 1962 1499 causa

383 1535 614 1606 intelligi
637 1537 834 1606 potest.
878 1533 973 1587 Sin
996 1533 1130 1588 dieis
1151 1531 1376 1590 alterius
1389 1533 1634 1606 corporis
1655 1537 1808 1587 motu
1830 1549 1963 1605 qua-

337 1683 346 1692 ·
381 1625 602 1680 (iratum
631 1625 836 1678 factum
867 1638 999 1694 esse,
1043 1625 1214 1676 restat
1241 1621 1469 1676 dubium
1497 1638 1594 1676 cur
1621 1622 1852 1694 figuram
1882 1625 1963 1676 ta-

383 1715 491 1769 lem
520 1712 606 1767 vel
635 1710 804 1773 talem
831 1715 960 1766 ante
981 1715 1191 1765 motum
1214 1710 1371 1766 illum
1391 1709 1668 1782 habuerit3
1699 1715 1757 1764 et
1785 1710 1832 1764 si
1863 1710 1963 1765 ite-

296 1800 308 1820 “
379 1817 504 1858 rum
530 1800 802 1856 rationem
839 1802 1006 1855 refers
1048 1799 1108 1854 in
1149 1804 1362 1855 motum
1403 1799 1642 1870 alteriuS,
1683 1803 1740 1854 et
1775 1799 1854 1853 sic
1902 1798 1961 1855 in

381 1890 656 1948 infinitum
670 1929 686 1961 ,
741 1893 862 1944 tum
900 1905 998 1961 per
1045 1904 1211 1944 omne
1261 1888 1534 1964 infinitum
1582 1887 1963 1960 responsiones

381 1984 502 2035 tuas
549 1978 708 2033 novis
753 1976 1166 2048 quaestionibus
1217 1977 1621 2051 prosequendo,
1675 1975 1963 2048 apparebit

379 2083 662 2140 nunquam
733 2065 1022 2122 materiam
1084 2065 1268 2122 deffise
1341 2065 1636 2138 quaerendi
1691 2065 1963 2121 rationem

379 2157 628 2229 rationiS,
660 2159 716 2211 et
742 2155 824 2210 ita
849 2154 1120 2211 rationem
1150 2154 1369 2228 plenam
1389 2155 1662 2210 redditam
1681 2171 1965 2226 nunquam

379 2263 514 2303 esse.
573 2242 883 2317 Apparebit
919 2244 1087 2317 igitur
1113 2260 1188 2300 ex
1229 2248 1430 2300 natura
1467 2261 1759 2316 corporum
1795 2243 1964 2300 ratio-

379 2351 508 2391 nem
535 2339 716 2390 certae
757 2334 819 2388 in
847 2331 914 2387 iis
943 2335 1147 2404 figurae
1168 2337 1226 2388 et
1255 2332 1643 2404 magnitudinis
1663 2332 1818 2388 reddi
1848 2349 1963 2388 non

379 2439 560 2498 posse.
631 2421 890 2478 Diximus
919 2421 1292 2478 definitionem
1319 2422 1562 2494 corporis
1600 2421 1736 2477 duas
1764 2421 1963 2476 habere

379 2517 587 2587 partes:
617 2510 858 2584 spatium
879 2515 935 2566 et
955 2511 1394 2582 inexistentiam,
1423 2512 1520 2566 sed
1547 2527 1620 2566 ex
1643 2527 1776 2566 voce
1795 2509 1962 2583 spatii

379 2601 514 2658 oriri
555 2600 990 2672 magnimdinem
1029 2600 1272 2672 aliquam
1311 2605 1367 2656 et
1408 2600 1664 2672 figuram,
1711 2599 1808 2656 sed
1848 2615 1963 2654 non

378 2688 826 2760 detenuinatam3
873 2689 944 2744 ad
973 2689 1268 2744 terminum
1311 2705 1441 2744 vero
1479 2688 1865 2754 inexistentiac
1902 2688 1963 2743 in

377 2780 476 2835 illo
503 2777 684 2850 spatio
713 2777 948 2851 pertinet
973 2781 1174 2852 metue,
1207 2779 1340 2834 dum
1367 2777 1518 2833 enim
1545 2795 1741 2849 corpus
1769 2777 1965 2849 incipit

379 2867 616 2925 existere
643 2867 704 2922 in
729 2865 842 2922 alio
881 2866 1062 2941 spatio
1097 2881 1264 2939 quam
1294 2866 1462 2941 priuS,
1505 2883 1579 2921 ex
1617 2866 1738 2939 ipso
1777 2883 1963 2922 move-

379 2962 485 3013 tur.
543 2956 648 3012 Sed
685 2974 746 3012 re
773 2956 1076 3013 accuratius
1105 2974 1370 3030 perpensa
1407 2956 1696 3029 apparebit
1741 2973 1816 3012 ex
1864 2972 1963 3011 na·

380 3052 504 3102 tura
541 3044 766 3118 quidem
803 3046 1048 3117 corporis
1085 3046 1218 3101 oriri
1263 3044 1656 3117 mobilitatem,
1710 3046 1805 3101 sed
1847 3062 1961 3099 non

377 3136 558 3209 ipsum
586 3138 815 3190 motum.
881 3136 964 3190 Eo
991 3134 1116 3206 ipso
1141 3136 1290 3191 enim
1319 3134 1453 3189 dnm
1481 3151 1676 3206 corpus
1715 3134 1961 3207 proposi·

379 3224 544 3279 titum
563 3226 648 3277 est
677 3222 738 3278 in
757 3220 938 3295 spatio
956 3224 1084 3277 hoc:
1117 3225 1286 3279 etiam
1307 3240 1424 3279 esse
1448 3226 1628 3296 potest
1650 3222 1710 3277 in
1729 3222 1842 3277 alio
1872 3240 1962 3277 ae-

298 3359 305 3367 .
378 3312 526 3385 quali
557 3316 614 3367 et
639 3310 810 3366 simili
839 3312 1053 3383 prioriS,
1092 3311 1154 3367 id
1191 3316 1274 3367 est
1313 3314 1494 3384 potest
1529 3311 1756 3366 moveri.
1815 3310 1961 3365 Nam

379 3418 537 3475 pose
563 3416 682 3455 esse
711 3400 772 3455 in
797 3400 910 3455 alio
939 3400 1120 3473 spatio
1148 3416 1315 3471 quam
1344 3400 1514 3473 priuS,
1545 3403 1630 3455 est
1657 3416 1814 3471 posse
1843 3414 1962 3459 mu-

379 3494 496 3545 tare
533 3488 788 3561 spatium,
831 3506 992 3562 posse
1018 3492 1234 3545 mutare
1259 3489 1498 3561 spatium
1537 3493 1621 3545 cst
1649 3505 1806 3561 posse
1845 3504 1963 3542 mo-

378 3578 512 3634 veri.
571 3578 760 3633 Motus
787 3578 937 3633 enim
965 3584 1048 3635 est
1075 3579 1311 3634 mutatio
1339 3577 1520 3651 spatii.
1593 3577 1838 3639 Actualis
1866 3590 1962 3632 au-

379 3672 492 3723 tem
521 3670 704 3740 motus
729 3666 804 3722 ab
832 3668 1189 3723 inexistentia
1216 3667 1279 3723 in
1299 3666 1479 3741 spatio
1505 3682 1624 3722 non
1641 3666 1834 3737 oritur,
1866 3665 1961 3720 sed

377 3745 816 3829 liotimmm
843 3756 1032 3812 relicto
1060 3755 1168 3811 sibi
1209 3756 1544 3813 contrarium
1583 3755 1721 3828 QiuS,
1763 3770 1963 3827 nempe

377 3845 686 3917 permansio
716 3844 776 3899 in
803 3845 1014 3919 eodem,
1037 3860 1133 3903 seu
1163 3846 1332 3917 quies.
1390 3845 1556 3901 Ratio
1584 3844 1751 3917 igitur
1779 3848 1963 3899 motus

377 3934 437 3988 in
463 3933 782 4007 corporibus
811 3934 918 3989 sibi
947 3934 1150 3990 relictis
1177 3935 1402 4007 reperiri
1433 3950 1546 3989 non
1575 3938 1770 4006 potest.
1830 3934 1964 3989 Fru-

305 4024 310 4029 “
376 4028 657 4077 sti-anemii
683 4022 851 4093 igitur
877 4026 962 4077 est
987 4023 1208 4077 illorum
1236 4023 1525 4094 effingium,
1567 4022 1665 4093 qui
1690 4021 1964 4078 rationem

379 4114 562 4164 motus
599 4110 677 4164 sic
713 4110 978 4165 reddunt:
1023 4112 1201 4166 Omne
1237 4128 1436 4182 corpus
1476 4111 1563 4165 vel
1604 4114 1816 4164 motum
1845 4128 1962 4165 esse

379 4196 452 4253 ab
480 4202 702 4253 aeterno
732 4198 818 4253 vel
849 4199 1058 4254 moveri
1086 4200 1159 4254 ab
1189 4198 1301 4253 alio
1341 4216 1570 4271 corpore
1605 4198 1866 4270 contiguo
1904 4203 1961 4254 et

378 4291 547 4343 moto,
615 4286 760 4341 Nam
808 4286 856 4340 si
897 4287 1087 4342 dicunt
1135 4303 1331 4359 eorpus
1369 4287 1708 4359 propositum
1746 4292 1960 4343 motum

377 4393 496 4431 esse
521 4374 594 4431 ab
623 4380 863 4445 aeterno,
893 4392 1007 4431 non
1047 4380 1274 4447 apparet
1311 4392 1408 4432 cur
1435 4391 1551 4430 non
1587 4376 1770 4448 potius
1809 4376 1962 4448 quic·

377 4464 520 4519 verit
567 4463 640 4519 ab
689 4467 931 4537 aeterne,
978 4469 1192 4537 tempus
1243 4464 1410 4535 enim,
1464 4464 1632 4521 etiam
1661 4464 1955 4538 infinitum,

376 4568 540 4609 causa
579 4557 762 4609 motus
802 4552 1034 4627 intelligi
1071 4570 1188 4609 non
1224 4557 1421 4626 potest.
1487 4553 1582 4608 Sin
1621 4553 1807 4609 dicunt
1841 4570 1960 4609 cor·

379 4657 482 4714 pus
507 4641 848 4714 propositum
877 4642 1088 4699 moveri
1127 4642 1202 4697 ab
1241 4642 1354 4698 alio
1379 4642 1638 4715 contiguo
1675 4646 1734 4698 et
1773 4648 1957 4713 motog

379 4730 544 4802 idque
572 4729 771 4791 iterum
799 4732 872 4786 ab
902 4731 1030 4803 alio,
1071 4731 1191 4787 sine
1219 4732 1357 4799 fm03
1386 4731 1561 4787 nihilo
1591 4731 1763 4805 magis
1790 4731 1959 4788 ratio·

380 4834 508 4874 nem
557 4819 940 4892 reddiderunt,
1001 4835 1100 4875 eur
1147 4824 1430 4875 moveatur
1477 4820 1712 4893 primum
1773 4825 1830 4876 et
1880 4839 1961 4877 se,-

378 4908 618 4964 cundum
665 4910 723 4962 et
773 4908 1000 4963 tertium
1036 4908 1126 4963 vel
1173 4912 1640 4982 quotumcunque,
1697 4910 1959 4982 quamdiu

380 5013 495 5053 non
547 4996 832 5054 reddidere
888 4996 1163 5053 rationem
1218 5014 1315 5054 cur
1363 5002 1649 5054 moveatur
1675 4990 1686 5003 '
1709 5015 1957 5070 sequens,

381 5102 418 5141 a
447 5102 560 5159 quo
589 5086 779 5142 omnia
819 5086 1196 5144 antecedentia
1235 5092 1538 5144 moventur.
1617 5087 1784 5143 Ratio
1811 5088 1962 5143 enim

381 5176 744 5234 conclusionis
779 5178 897 5232 tam
937 5174 996 5232 di
1027 5176 1194 5250 plane
1219 5176 1436 5233 reddita
1465 5194 1580 5233 non
1617 5181 1727 5251 est,
1771 5194 1963 5251 quam-

2064 468 2159 524 diu
2197 467 2413 523 reddita
2442 483 2555 522 non
2582 471 2667 522 est
2696 465 2839 522 ratio
2871 466 3120 522 rationis.
3173 465 3498 522 Praesertim
3519 485 3633 524 cuin

2064 557 2164 614 hoc
2206 557 2325 613 loco
2367 556 2516 612 ide-m
2554 555 2781 612 dubium
2820 556 2940 610 sine
2990 556 3097 610 fine
3126 559 3307 611 restet.

2152 646 2297 701 Satis
2336 645 2529 718 igitur,
2570 645 2795 718 opinor,
2838 646 3271 700 demonstratmn
3310 649 3419 699 est:
3470 645 3635 701 deter-

2065 735 2329 790 minatam
2372 734 2599 804 figuram
2638 736 2697 788 et
2738 732 3199 806 magnitudinem,
3251 736 3461 790 motum
3516 751 3634 790 vero

2064 823 2293 879 omnino
2321 822 2479 878 illum
2516 822 2577 878 in
2614 821 2931 894 corporibus
2979 821 3085 877 sibi
3138 822 3341 878 relictis
3378 840 3494 878 esse
3530 841 3636 878 non

2064 930 2237 986 posse.
2314 911 2519 968 Jaeebo
2546 911 2651 966 hoc
2682 911 2820 983 loce,
2861 909 2991 982 quia
3018 909 3231 966 altioris
3260 911 3533 982 indaginis
3560 930 3637 967 res

2064 1007 2166 1072 oet,
2197 1017 2269 1056 ne
2294 1017 2513 1056 causam
2550 1000 2773 1072 quidem
2812 997 3196 1057 consistentiae
3236 1016 3527 1073 corporum
3554 1001 3638 1056 ha·

2063 1095 2250 1146 etenus
2314 1090 2387 1145 ab
2438 1088 2551 1145 ullo
2600 1105 2674 1144 ex
2711 1088 2831 1160 ipsa
2882 1104 3173 1160 corporum
3224 1095 3420 1146 natura
3468 1089 3638 1146 reddi-

2064 1185 2181 1236 tam
2210 1197 2348 1234 esse.
2372 1211 2377 1226 ·

2144 1269 2207 1324 ,Α
2245 1265 2597 1323 consistentia
2648 1269 2833 1320 autem
2886 1283 3177 1338 corporum
3228 1272 3311 1322 oet
3359 1261 3454 1323 1⁰.
3502 1268 3639 1338 quod

2063 1374 2259 1430 corpus
2310 1355 2514 1428 grande
2566 1372 2737 1426 parvo
2788 1353 3091 1427 inmune-nti
3142 1373 3257 1411 non
3308 1356 3483 1429 malit,
3543 1353 3637 1414 2⁰.

2063 1447 2211 1518 quod
2240 1461 2469 1520 corpora
2498 1447 2593 1498 aut
2622 1449 2803 1515 partes
2830 1460 3122 1516 corpoeum
3159 1445 3267 1500 sibi
3296 1444 3533 1500 invicem
3560 1463 3639 1499 co-

2063 1536 2305 1606 haerent,
2358 1549 2432 1588 ex
2468 1549 2579 1604 quo
2618 1531 2871 1587 oriuntur
2918 1533 3233 1604 qualitates,
3260 1532 3397 1588 istae
3436 1534 3639 1588 tat-tiles

2064 1640 2199 1696 quas
2243 1623 2408 1694 vulgo
2436 1621 2699 1676 soeundas
2728 1625 2945 1692 vocant,
2978 1638 3174 1694 nempe
3216 1622 3482 1694 soliditas,
3528 1623 3639 1676 flui-

2064 1713 2235 1783 ditas3
2276 1711 2519 1782 durities,
2552 1709 2837 1780 mollities-13
2880 1709 3173 1781 glabritieS,
3214 1711 3529 1783 aspritudo:
3570 1717 3641 1766 te-

2065 1801 2288 1874 naeitas,
2322 1799 2615 1870 fragilitas3
2659 1797 2968 1870 stiabilitas,
3001 1799 3293 1870 ductilitas,
3324 1799 3641 1856 malle-abili-

2064 1893 2167 1964 tas,
2212 1888 2534 1946 fusibilitas:
2586 1881 2684 1943 3⁰.
2737 1888 2887 1958 quod
2934 1905 3130 1960 corpus
3182 1888 3381 1944 durum
3428 1889 3642 1962 corpori

2064 1996 2177 2035 non
2206 1976 2418 2034 cedenti
2458 1975 2765 2049 impingens
2805 1976 3112 2032 reflectitur.
3180 1977 3425 2032 Breviter
3455 1995 3491 2032 a
3520 1996 3643 2032 con-

2064 2067 2311 2123 sistentia
2340 2065 2447 2122 tria
2475 2070 2620 2137 sunt,
2652 2064 2976 2138 resistentia,
3007 2066 3365 2140 cohaerentia,
3398 2066 3642 2122 reflexio.

2063 2159 2309 2223 Quarum
2338 2154 2611 2212 rationem
2650 2153 2745 2226 qui
2774 2170 2847 2208 ex
2876 2155 3137 2210 niateriae
3166 2156 3337 2226 figura
3373 2155 3645 2228 magnitu-

2064 2246 2193 2302 dino
2230 2250 2287 2300 et
2328 2248 2483 2300 motu
2526 2241 2663 2297 mihi
2701 2243 3031 2316 reddiderit,
3074 2260 3201 2299 eum
3242 2261 3345 2317 ego
3384 2261 3643 2316 magmnn

2064 2335 2445 2408 philosophum
2474 2331 2651 2387 libens
2690 2330 2920 2388 fatebor.
2992 2332 3169 2388 Unica
3208 2349 3381 2405 prope
3419 2333 3513 2388 via
3552 2351 3645 2406 ap-

2063 2428 2237 2498 paret,
2276 2439 2475 2494 nempe
2510 2437 2706 2494 corpus
2745 2420 2871 2478 ideo
2918 2421 3134 2494 corpori
3171 2421 3479 2494 inqaellenti
3514 2423 3646 2477 resi·

2064 2517 2223 2584 stere,
2266 2517 2323 2568 et
2363 2513 2545 2584 ipsum
2582 2513 2936 2583 repercutere,
2979 2510 3109 2582 quia
3147 2511 3317 2583 ipsius
3360 2515 3547 2584 partes
3588 2511 3647 2566 in

2062 2601 2343 2675 superficie
2382 2599 2773 2656 insensibiliter
2811 2599 2873 2654 in
2912 2616 3193 2655 occursum
3230 2599 3349 2668 ejus
3388 2617 3649 2655 movean-

2064 2696 2171 2746 tur.
2248 2689 2354 2746 Sed
2391 2703 2763 2762 supponamus
2811 2704 3007 2760 eorpus
3054 2688 3363 2760 impingens
3400 2707 3533 2756 ‚non
3582 2707 3649 2744 ca

2064 2779 2239 2854 linea,
2292 2795 2403 2850 qua
2453 2781 2634 2850 partes
2686 2776 2929 2850 eorporis
2978 2776 3296 2850 impellendi
3356 2795 3651 2834 occursura

2063 2873 2208 2941 sunt,
2252 2868 2347 2925 sed
2386 2867 2527 2941 alia,
2572 2865 2799 2939 obliqua
2836 2868 3066 2922 fortasse
3104 2865 3375 2938 incidere3
3413 2885 3482 2922 eo
3524 2868 3650 2940 ipso

2062 2958 2249 3013 statim
2288 2956 2467 3014 omnis
2510 2956 2731 3030 reat-tio,
2776 2956 3101 3029 resistentia,
3146 2956 3371 3012 reflexio
3409 2957 3651 3012 cessabit

2060 3051 2253 3103 contra
2278 3044 2691 3119 exlmrientiam.
2750 3046 2857 3101 Sed
2884 3045 3259 3101 cohaerentiae
3296 3044 3440 3101 ratio
3480 3062 3520 3101 a
3568 3063 3653 3101 re·

2062 3136 2277 3192 actione
2316 3140 2373 3189 et
2410 3134 2639 3189 omnino
2680 3138 2855 3206 motu,
2901 3134 3064 3207 plane
3100 3134 3257 3191 reddi
3284 3150 3401 3191 non
3440 3139 3653 3207 potest.

2061 3225 2205 3281 Nam
2233 3223 2281 3278 si
2309 3224 2525 3279 clartae
2554 3228 2767 3295 partem
2795 3222 3035 3295 impello,
3066 3240 3191 3295 pars
3210 3239 3377 3295 quam
3398 3224 3652 3296 impello,

2062 3315 2223 3387 cedit,
2256 3312 2383 3367 ideo
2412 3312 2597 3382 aliqua
2624 3312 2829 3367 reaetio
2856 3316 2913 3367 et
2933 3315 3116 3367 motus
3144 3312 3481 3369 raeistentiac
3512 3312 3655 3385 tingi

2061 3418 2175 3457 non
2215 3404 2409 3474 potest.
2468 3401 2573 3457 Sed
2614 3416 2728 3456 non
2770 3400 2917 3457 cedit
2942 3401 3077 3472 sola,
3108 3401 3203 3457 sod
3240 3400 3477 3473 reliquas
3522 3419 3656 3474 par-

2063 3496 2146 3546 tes
2174 3490 2281 3545 sibi
2311 3489 2663 3545 adhaerentes
2690 3487 2854 3545 simul
2884 3492 3077 3545 aufi‘rt.
3148 3492 3289 3545 Sane
3316 3506 3509 3545 verum
3542 3496 3657 3561 est,

2062 3586 2119 3635 et
2146 3578 2416 3634 rationem
2444 3579 2626 3651 habe-t,
2658 3579 2806 3650 quod
2828 3577 2963 3633 olim
2984 3580 3450 3652 DemocrituS,
3480 3580 3581 3633 Le
3594 3596 3655 3634 u-

2061 3670 2333 3742 cippuS,
2364 3668 2735 3739 EpicuruS,
2764 3672 2822 3724 et
2850 3667 3240 3741 LucretiuS,
3282 3669 3444 3723 hodie
3470 3673 3660 3723 secta-

2062 3762 2207 3813 tores
2236 3773 2425 3813 oorum
2456 3757 2700 3812 Petrus
2728 3757 3125 3812 Gassendus
3164 3761 3219 3812 et
3248 3756 3388 3813 Joh.
3430 3758 3663 3825 Chry-

2062 3850 2224 3901 sost.
2254 3846 2453 3917 Magn
2466 3862 2629 3901 enus
2658 3845 3041 3917 prodiderunt:
3088 3846 3323 3901 Omnem
3362 3846 3421 3900 in
3448 3864 3662 3918 corpo-

2062 3935 2215 3991 ribus
2256 3935 2630 3991 cohaerentiae
2666 3950 2887 3989 causam
2930 3952 3047 3990 esse
3083 3935 3404 3991 naturaliter
3442 3936 3663 4007 figuras

2061 4024 2327 4097 quasdam
2364 4022 2771 4096 implicatoriaS,
2810 4038 3027 4095 nempe,
3068 4024 3276 4097 hamoS,
3320 4040 3505 4093 uncaS,
3548 4041 3663 4078 an-

2062 4113 2239 4185 nulos,
2294 4112 2617 4167 eminentias
2647 4112 2901 4183 breviter,
2944 4128 3137 4167 omnes
3174 4112 3409 4167 duorum
3448 4130 3667 4184 corpo-

2061 4218 2185 4258 rum
2226 4200 2517 4257 curvitates
2557 4201 2645 4255 vel
2683 4200 2948 4257 stationes
2984 4200 3091 4256 sibi
3130 4202 3361 4257 invicem
3392 4201 3664 4256 insertas.

2062 4291 2166 4346 Sed
2208 4290 2339 4345 hacc
2382 4290 2499 4361 ipsa
2540 4290 2901 4344 instrumenta
2940 4289 3303 4362 implicatoria
3340 4290 3547 4362 solida,
3601 4298 3669 4344 et

2062 4378 2274 4435 tenacia
2314 4395 2430 4433 esse
2468 4394 2685 4433 noeesse
2722 4381 2823 4447 est,
2866 4382 2931 4433 ut
2968 4396 3129 4435 suum
3158 4380 3363 4435 faciant
3398 4380 3667 4433 officium

2060 4472 2116 4523 et
2144 4484 2435 4539 corporum
2462 4472 2642 4539 partoe
2670 4467 3002 4523 contineant.
3070 4468 3174 4523 Sed
3202 4470 3351 4523 unde
3387 4467 3524 4539 ipsis
3574 4474 3671 4522 tv.-

2060 4556 2301 4613 nacitas'?
2340 4573 2415 4611 an
2442 4556 2633 4611 hamos
2660 4557 2947 4613 hamorum
2978 4574 3346 4631 supponemus
3374 4556 3433 4611 in
3462 4556 3671 4611 infini-

2060 4646 2214 4701 tum‘!
2258 4646 2367 4701 Sed
2404 4661 2543 4716 qnae
2572 4645 2859 4701 dubitandi
2900 4646 3045 4701 ratio
3084 4648 3145 4701 in
3173 4647 3365 4718 primis
3406 4645 3533 4717 erit,
3586 4664 3675 4701 en

2060 4739 2119 4789 et
2148 4735 2208 4788 in
2235 4734 2487 4789 secundis
2514 4738 2573 4789 et
2603 4734 2777 4791 tertiis
2804 4735 2908 4791 erit
2936 4734 3057 4791 sine
3086 4738 3209 4807 tine,
3250 4736 3319 4791 ad
3362 4734 3461 4789 has
3502 4734 3675 4788 diffi-

2060 4824 2289 4878 cultates
2316 4822 2641 4878 acutissimis
2668 4824 2789 4879 istis
2818 4824 3151 4898 philosophis
3188 4824 3325 4879 nihil
3366 4822 3519 4879 aliud
3560 4841 3675 4879 su-

2062 4912 2264 4985 perfuit
2292 4912 2440 4983 quod
2468 4913 2861 4984 roeponderent
2889 4928 3056 4983 quam
3095 4917 3158 4967 ut
3183 4916 3563 4986 supponerent
3600 4913 3677 4967 in

2061 5000 2258 5055 ultima
2298 5018 2589 5074 corporum
2640 5002 2971 5057 resolutione
3018 5002 3337 5058 insecabilia
3372 5000 3679 5073 quaedmn

2060 5090 2394 5163 eoniuscula,
2418 5090 2524 5163 ipsi
2544 5094 2759 5145 atomos
2780 5094 2996 5163 vocant,
3020 5108 3161 5163 quae
3180 5091 3347 5147 variis
3368 5090 3483 5145 suis
3514 5092 3683 5161 tigu-

2062 5178 2141 5235 ris
2178 5179 2329 5236 varie
2356 5178 2687 5235 combinatis
2726 5180 2908 5236 varias
2956 5196 3247 5255 corporum
3296 5178 3681 5235 sensibilium
