3717 5850
311 315 442 390 143

310 564 527 638 gantiae
562 575 914 617 camerarum.
979 558 1053 613 Et
1093 574 1211 614 sese
1247 576 1336 614 res
1373 558 1538 615 habet
1575 563 1640 613 ut
1667 558 1728 613 in
1755 555 1901 614 ludis

310 651 636 726 quibusdam
663 664 790 704 cum
817 648 938 704 loca
967 646 1156 705 omnia
1183 646 1244 701 in
1265 647 1454 703 tabula
1484 652 1612 702 sunt
1639 645 1901 721 replenda

311 738 602 797 secundum
651 742 828 793 certas
878 739 1024 810 leges
1040 778 1057 811 ,
1100 736 1198 793 ubi
1236 735 1347 791 nisi
1387 736 1617 792 artificio
1657 735 1900 809 quodam

233 866 242 877 .
311 832 494 899 utare,
523 830 800 899 postremo
841 825 1033 901 spatiis
1073 824 1324 881 exclusus
1351 824 1582 899 iniquis,
1621 824 1782 899 plura
1809 840 1900 881 co-

310 916 455 990 geris
495 916 617 971 loca
655 914 960 987 relinquere
999 932 1198 989 vacua,
1243 931 1410 988 quam
1437 920 1656 987 poteras
1685 914 1776 970 vel
1804 929 1901 969 vo·

311 1004 480 1061 lebas.
566 1003 726 1060 Certa
775 1008 958 1062 autem
1007 1004 1151 1059 ratio
1201 1009 1284 1060 oet
1333 1020 1432 1076 per
1467 1020 1634 1077 quam
1669 1002 1901 1077 repletio

311 1094 560 1153 maxima
598 1092 856 1149 facillime
893 1092 1182 1149 obtinetur.
1261 1092 1359 1147 Uti
1398 1108 1529 1165 ergo
1557 1093 1607 1148 si
1633 1108 1905 1167 ponamus

314 1184 594 1241 decretum
621 1198 738 1237 esse
765 1186 829 1237 ut
855 1182 951 1236 fiat
978 1180 1311 1253 triangulum
1337 1181 1492 1237 nulla
1517 1182 1647 1239 licet
1675 1181 1785 1237 alia
1814 1197 1903 1237 ac-

317 1272 523 1331 cidenti
545 1270 943 1328 determinandi
963 1269 1195 1341 ratione,
1227 1286 1562 1343 consequens
1583 1275 1684 1344 est,
1715 1268 1902 1342 aequi·

316 1362 552 1418 laterum
572 1359 820 1433 prodire3
849 1362 907 1415 et
937 1359 1122 1431 posito
1139 1360 1475 1417 tendendum
1503 1376 1622 1417 esse
1639 1376 1676 1416 a
1696 1362 1901 1432 puncto

317 1450 391 1507 ad
431 1453 716 1524 punctum,
759 1447 884 1505 licet
925 1447 1062 1502 nihil
1099 1447 1246 1503 ultra
1273 1448 1379 1505 iter
1407 1449 1764 1521 determinat,
1810 1446 1903 1503 via

319 1540 548 1611 eligetur
585 1536 825 1592 maxime
865 1535 1040 1591 facilis
1081 1552 1178 1592 seu
1205 1537 1558 1611 brevissima,
1599 1538 1679 1595 ita
1719 1535 1901 1610 posito

320 1627 515 1701 semel,
555 1641 653 1682 ens
691 1624 1002 1698 praevalere
1030 1625 1317 1700 non-enti,
1361 1644 1458 1683 seu
1484 1626 1757 1684 rationem
1785 1641 1905 1682 esse

319 1732 417 1772 cur
443 1714 651 1786 aliquid
679 1712 862 1786 potius
889 1714 1134 1771 extiterit
1161 1730 1328 1787 quam
1356 1715 1492 1772 nihil
1506 1758 1522 1791 ,
1565 1717 1682 1773 sive
1711 1732 1746 1771 a
1777 1730 1904 1787 pos·

321 1803 584 1861 nihilitate
610 1801 1000 1859 transeundum
1029 1820 1148 1860 esse
1176 1804 1248 1859 ad
1276 1809 1477 1879 actum,
1509 1806 1652 1880 hinc,
1683 1803 1788 1879 etsi
1821 1803 1905 1858 ni-

320 1893 399 1952 hil
457 1893 605 1949 ultra
653 1891 1074 1967 determinetur,
1127 1908 1461 1965 consequens
1508 1899 1608 1967 est,
1667 1894 1905 1949 existere

321 1974 588 2055 quantum
613 1981 912 2055 plurimum
941 1985 1122 2055 potest
1139 1998 1240 2055 pro
1261 1984 1522 2057 temporis
1542 1983 1757 2057 locique
1777 1982 1905 2053 (seu

323 2070 533 2127 ordinis
591 2058 870 2143 possibilis
929 2071 1248 2143 existendi)
1301 2073 1627 2147 capacitate,
1679 2088 1903 2147 prorsus

325 2160 787 2233 quemadmodum
849 2159 928 2216 ita
987 2166 1390 2235 componimtur
1448 2162 1692 2219 tessellae
1745 2166 1806 2217 ut
1842 2162 1905 2217 in

325 2249 608 2323 proposita
649 2266 796 2306 area.
824 2264 991 2321 quam
1024 2250 1292 2324 plurimae
1321 2250 1622 2325 capiantur.
1697 2250 1788 2306 Ex
1817 2250 1904 2306 his

319 2334 442 2407 jam
499 2337 724 2394 mirifice
766 2338 1104 2414 intelligitur,
1151 2340 1429 2412 quomodo
1473 2340 1533 2396 in
1575 2340 1699 2413 ipsa
1743 2339 1907 2411 origi·

325 2426 552 2483 natione
591 2444 777 2483 rerum
805 2428 1070 2483 Mathesis
1113 2430 1382 2503 quaedam
1413 2429 1618 2485 Divina
1661 2445 1757 2485 seu
1789 2428 1909 2483 Me·

323 2516 634 2575 chanismus
667 2516 1066 2589 metaphysicus
1087 2521 1419 2593 exerceatur,
1467 2523 1524 2574 et
1551 2516 1784 2574 maximi
1813 2518 1907 2575 de-

327 2604 642 2661 terminatio
695 2605 860 2661 habet
902 2604 1100 2661 locum.
1178 2606 1276 2663 Uti
1319 2622 1392 2662 ex
1433 2607 1692 2663 omnibus
1736 2622 1907 2680 angu-

325 2692 397 2749 lis
441 2692 834 2751 determinatus
877 2698 961 2749 est
1001 2699 1179 2751 rectus
1233 2696 1294 2751 in
1347 2696 1676 2771 geometria,
1723 2698 1780 2752 et
1823 2696 1906 2751 uti

325 2782 566 2854 liquores
621 2782 682 2837 in
735 2784 1104 2856 heterogeneis
1147 2784 1314 2858 positi
1357 2802 1478 2841 sese
1517 2786 1578 2841 in
1619 2784 1911 2858 capacissi-

301 2878 316 2891 “
329 2886 481 2927 mam
523 2872 749 2944 figuram
791 2888 987 2946 nempe
1030 2874 1366 2948 sphaericam
1407 2876 1765 2950 componunt,
1810 2874 1909 2932 sed

325 2959 673 3034 potissimum
725 2961 808 3017 uti
851 2961 913 3018 in
954 2962 1074 3035 ipsa
1116 2964 1425 3020 mechanica
1467 2964 1747 3022 communi
1789 2965 1911 3037 plu-

331 3049 484 3106 ribus
525 3049 845 3123 corporibus
888 3051 1142 3124 gravibus
1184 3053 1331 3108 inter
1373 3069 1432 3109 se
1462 3052 1796 3110 luctantibus
1827 3057 1911 3108 ta-

327 3138 399 3198 lis
441 3139 662 3195 demum
705 3139 879 3196 oritur
921 3144 1132 3215 motus,
1179 3157 1276 3215 per
1317 3157 1483 3214 quem
1525 3143 1588 3199 fit
1631 3142 1909 3198 maximus

330 3227 618 3284 descensus
648 3228 711 3284 in
740 3245 968 3284 summa.
1036 3229 1182 3285 Sicut
1216 3231 1364 3286 enim
1397 3231 1586 3287 omnia
1617 3231 1908 3304 possibilia

330 3315 454 3389 pari
487 3315 615 3384 jure
657 3318 730 3373 ad
764 3317 1114 3374 existendum
1143 3319 1374 3375 tendunt
1404 3336 1505 3393 pro
1537 3321 1752 3376 ratione
1787 3335 1909 3376 rea·

331 3403 520 3479 litatis,
565 3405 645 3462 ita
682 3407 870 3463 omnia
901 3406 1144 3480 pondera
1173 3407 1295 3480 pari
1319 3405 1446 3476 jure
1476 3409 1549 3464 ad
1581 3409 1909 3466 descenden-

333 3493 466 3549 dum
495 3495 727 3551 tendunt
757 3511 860 3570 pro
891 3495 1106 3551 ratione
1139 3495 1438 3570 gravitatis,
1486 3501 1544 3554 et
1573 3502 1637 3554 ut
1668 3499 1756 3555 hic
1786 3514 1913 3570 pro-

329 3581 417 3638 dit
445 3587 644 3657 motuS,
687 3599 798 3657 quo
825 3584 1138 3640 continetur
1171 3600 1338 3656 quam
1369 3587 1642 3642 maximus
1663 3587 1913 3660 gravium

329 3669 646 3746 descensus,
712 3673 790 3728 ita
857 3673 972 3730 illic
1037 3671 1221 3746 prodit
1287 3675 1521 3732 mundus
1587 3693 1686 3750 per
1748 3691 1915 3750 quem

330 3760 576 3817 maxima
617 3761 678 3816 fit
717 3761 1064 3834 possibilium
1103 3762 1406 3835 productio.

421 3849 606 3921 Atque
648 3849 728 3906 ita
763 3849 886 3919 jam
928 3851 1193 3909 habemus
1225 3853 1506 3926 physicam
1532 3853 1913 3910 necessitatem

236 3952 257 3972 ·
335 3953 409 3993 ex
451 3938 847 4013 metaphysica,
905 3941 1010 3996 etsi
1052 3939 1201 3998 enim
1245 3942 1480 4002 muudus
1523 3959 1639 3998 non
1681 3942 1756 3997 sit
1797 3959 1913 3998 me·

333 4027 612 4099 taphysice
655 4029 1002 4104 necessarius,
1049 4029 1128 4086 ita
1181 4031 1244 4086 ut
1295 4033 1628 4088 contrarium
1670 4031 1913 4103 implicet

331 4114 820 4172 contradictionem
861 4133 958 4175 seu
987 4117 1379 4176 absurditatem
1408 4121 1668 4192 logicam,
1717 4125 1802 4176 est
1831 4125 1913 4177 ta-

335 4217 466 4260 men
516 4203 848 4260 nccoesarius
901 4206 1120 4280 physice
1163 4209 1252 4264 vel
1295 4209 1684 4266 determinatus
1727 4208 1808 4265 ita
1849 4213 1915 4264 ιιι

334 4291 673 4348 contrarium
725 4293 967 4367 implicet
1018 4297 1486 4369 imperfectionem
1527 4313 1624 4353 seu
1667 4297 1915 4354 absurdi·

335 4383 510 4437 tatem
553 4382 835 4443 moralem.
903 4383 974 4443 Et
1015 4389 1079 4441 ut
1105 4385 1438 4459 possibilitas
1470 4390 1552 4442 est
1583 4385 1913 4459 principium

335 4469 623 4546 essentiae,
670 4473 750 4527 ita
791 4474 1050 4546 perfectio
1092 4490 1185 4530 seu
1228 4473 1494 4530 essentiae
1537 4475 1735 4548 gradus
1779 4473 1915 4548 (per

333 4575 502 4633 quem
545 4561 780 4634 plurima
801 4566 931 4618 sunt
949 4562 1390 4634 compossibilia)
1423 4561 1749 4637 principium
1769 4564 1915 4620 exis-

335 4649 564 4706 tentiae.
631 4649 792 4708 Unde
844 4650 1008 4708 simul
1062 4653 1212 4724 patet
1254 4651 1533 4723 quomodo
1574 4651 1800 4709 libertas
1842 4653 1916 4709 sit

335 4738 399 4794 in
441 4742 632 4794 autore
675 4740 885 4813 mundi,
931 4740 1059 4796 licet
1101 4737 1289 4795 omnia
1331 4739 1495 4796 faciat
1527 4741 1912 4798 determinate:

335 4827 470 4900 quia
512 4829 627 4902 agit
670 4845 744 4883 ex
787 4827 1055 4901 principio
1087 4828 1389 4903 sapientiae
1420 4845 1516 4885 seu
1550 4831 1914 4904 perfectionis,

335 4915 551 4975 Scilicet
578 4915 950 4974 indifferentia
978 4917 1050 4972 ab
1081 4917 1390 4990 ignorantia
1419 4917 1596 4976 oritur
1623 4924 1681 4976 et
1707 4925 1915 4993 quanto

335 5005 566 5078 quisque
599 5005 773 5078 magis
803 5008 887 5062 oet
916 5006 1132 5078 sapiens
1164 5011 1322 5064 tanto
1344 5009 1518 5084 magis
1549 5009 1621 5065 ad
1643 5011 1917 5083 perfectis-

335 5093 541 5155 simum
585 5099 668 5151 est
709 5091 1115 5152 determinatus.

426 5185 506 5250 At
548 5181 842 5264 (inquies)
885 5185 1223 5260 comparatio
1264 5185 1396 5246 haec
1437 5186 1790 5250 mechanismi
1827 5203 1917 5248 cu·

1277 326 1532 386 XLVIII.
1597 327 1723 397 ‚DE
1765 325 2029 383 RERUM
2072 324 2623 381 ORIGINATIONE.

307 477 442 534 dent
486 469 864 529 commoditati
913 464 1145 525 aedilicii
1193 468 1640 543 multitudinique
1681 473 1738 526 et
1789 466 1909 523 ele··
1994 466 2220 539 jusdam
2252 466 2669 523 determinantis
2698 464 3055 540 metaphysici
3076 474 3202 521 eum
3220 467 3466 539 physico
3494 480 3631 536 gm-

2001 556 2153 613 vium
2196 572 2503 630 corporum,
2550 556 2657 612 etsi
2701 556 2921 629 elegans
2962 554 3241 628 videatur,
3284 556 3346 611 in
3388 572 3479 611 eo
3534 556 3631 608 ta-

2002 662 2132 703 men
2187 645 2370 701 deficit
2420 644 2569 718 quod
2622 644 2817 719 gravia
2866 644 3105 700 nitentia
3146 660 3273 700 vere
3316 645 3627 714 existunt,

2001 738 2061 790 at
2092 734 2485 808 possibilitates
2518 751 2614 789 seu
2644 734 2913 790 essentiae
2932 736 3063 790 ante
3095 732 3181 787 vel
3220 738 3451 806 praeter
3493 729 3629 788 exi·

2003 822 2263 899 stentiam
2304 827 2434 879 sunt
2477 822 2805 895 imaginaria
2846 838 2941 877 seu
2984 820 3205 895 fictitia,
3256 823 3421 879 nulla
3472 834 3626 893 ergo

2001 911 2062 969 in
2086 912 2218 986 ipsis
2238 911 2427 985 quaeri
2446 917 2631 985 potest
2648 912 2792 968 ratio
2813 910 3101 967 existendi.
3130 939 3203 952 —
3240 910 3625 985 RespondeO‚

2004 1016 2181 1073 neque
2223 1000 2486 1057 essentias
2530 1002 2682 1074 istae,
2726 1016 2905 1073 neque
2946 1003 3197 1056 aeternas
3228 1000 3298 1057 de
3326 1001 3479 1075 ipsis
3518 1016 3625 1054 ve-

2003 1091 2193 1147 fitatoe
2237 1106 2372 1164 quas
2416 1094 2632 1163 vocant,
2678 1108 2797 1147 esse
2838 1088 3072 1163 fictitias,
3116 1088 3214 1145 sed
3254 1090 3516 1147 existere
3554 1088 3626 1143 in

2004 1180 2242 1253 quadam
2284 1184 2349 1236 ut
2391 1180 2472 1236 sic
2514 1180 2695 1236 dicam
2727 1179 2949 1251 regione
2982 1177 3247 1253 idearum,
3292 1196 3515 1251 nempe
3552 1178 3621 1232 in

2003 1268 2126 1341 ipso
2170 1269 2318 1343 Deo,
2366 1269 2635 1326 essentiae
2674 1267 2857 1325 omnis
2886 1266 3317 1340 existentiaeque
3346 1272 3620 1324 caetero-

2002 1374 2127 1415 rum
2148 1360 2317 1415 fonte.
2384 1358 2547 1424 Quod
2578 1376 2663 1419 ne.
2680 1357 2849 1432 gratis
2876 1356 3085 1413 dixisse
3116 1356 3420 1431 videamur,
3480 1356 3619 1428 ipsa

2003 1448 2212 1504 indicat
2252 1447 2547 1504 existentia
2566 1448 2725 1505 seriei
2754 1462 2937 1503 rerum
2965 1446 3210 1502 actualis.
3276 1447 3419 1502 Cum
3445 1446 3617 1502 enim

2005 1537 2067 1593 in
2110 1553 2178 1591 ea
2218 1536 2363 1593 ratio
2406 1553 2522 1593 non
2564 1536 2873 1593 inveniatur
2914 1538 2978 1591 ut
3020 1552 3185 1609 supra
3226 1535 3612 1608 ostendimnS,

2005 1626 2101 1682 sed
2154 1624 2216 1681 in
2266 1625 2652 1699 metaphysicis
2706 1623 3143 1696 necessitatibus,
3200 1642 3297 1681 seu
3350 1624 3613 1680 aeternis

2004 1714 2329 1771 veritatibus
2379 1716 2454 1770 sit
2505 1714 2841 1787 quaerenda,
2896 1712 3192 1769 existentia
3242 1719 3433 1771 autem
3484 1728 3611 1769 non

2006 1804 2219 1877 possint
2275 1820 2392 1860 esse
2454 1802 2565 1858 nisi
2606 1802 2681 1859 ab
2724 1800 3113 1874 existentibus,
3156 1806 3221 1858 ιιι
3255 1803 3383 1873 jam
3426 1820 3611 1875 supra

2006 1894 2339 1966 monuimuS,
2386 1894 2605 1965 oportet
2646 1898 2897 1948 aetemas
2940 1890 3195 1947 veritates
3236 1894 3608 1949 existentiam

2004 1982 2207 2038 habere
2246 1982 2308 2037 in
2350 1980 2592 2053 quodam
2634 1980 2883 2050 subiecto
2922 1980 3175 2036 absolute
3214 1986 3271 2037 et
3307 1982 3611 2055 metaphy-

2005 2071 2115 2127 sice
2156 2070 2487 2143 necessario,
2542 2070 2602 2126 id
2645 2075 2729 2126 est
2771 2071 2831 2125 in
2874 2068 3023 2143 Deo,
3080 2086 3180 2142 per
3232 2086 3403 2143 quem
3444 2072 3607 2144 haec,

2005 2176 2145 2233 quae
2190 2156 2396 2232 alioqui
2452 2159 2779 2232 imaginaria
2834 2161 3041 2231 forent,
3100 2163 3162 2214 ut
3204 2160 3445 2216 barbare
3504 2160 3605 2215 sed

2004 2249 2371 2323 significanter
2422 2248 2694 2322 dicamus,
2740 2248 3078 2304 realisentur.

2094 2338 2167 2394 Et
2196 2354 2327 2394 vero
2358 2351 2548 2410 reapse
2580 2337 2642 2393 in
2670 2338 2880 2393 mundo
2912 2336 3365 2409 deprehendimus
3398 2338 3603 2394 omnia

2006 2426 2123 2483 fleri
2176 2426 2472 2483 secundum
2527 2426 2669 2499 leges
2728 2431 3071 2483 aeternarum
3126 2427 3421 2483 veritatum
3486 2444 3605 2483 non

2006 2520 2225 2572 tantum
2276 2515 2629 2589 geometricas
2684 2515 2781 2571 sed
2824 2519 2881 2571 et
2922 2513 3351 2589 metaphysicas,
3406 2517 3479 2573 id
3523 2522 3607 2574 oet

2008 2622 2123 2663 non
2166 2610 2383 2661 tantum
2424 2605 2723 2661 secundum
2754 2604 3101 2661 necessitates
3122 2606 3456 2679 materiales,
3508 2606 3605 2662 sed

2008 2701 2066 2751 et
2120 2694 2418 2751 secundum
2458 2695 2807 2751 necessitates
2848 2693 3136 2765 formales3
3190 2694 3357 2767 idque
3398 2710 3603 2751 verum

2010 2790 2093 2841 est
2136 2800 2251 2840 non
2294 2787 2509 2839 tantum
2542 2783 2881 2856 generaliter,
2928 2784 2990 2838 in
3018 2780 3087 2838 ea
3120 2796 3287 2855 quam
3318 2799 3475 2840 nunc
3508 2799 3603 2840 ex·-

2009 2874 2330 2948 plicavimus
2380 2873 2597 2930 ratione
2638 2871 2839 2929 mundi·
2872 2872 3159 2929 existent’n
3200 2873 3383 2946 potius
3422 2888 3603 2946 quam

2008 2979 2124 3020 non
2168 2962 2469 3034 existentis,
2516 2965 2573 3018 et
2614 2962 2693 3019 sic
2735 2963 2917 3035 potius
2961 2977 3126 3035 quam
3168 2961 3329 3018 aliter
3356 2964 3601 3019 existen-

2010 3052 2083 3107 tis
2128 3051 2299 3124 (quae
2340 3049 2530 3123 utique
2571 3067 2646 3107 ex
2686 3049 3033 3124 possibilium
3064 3051 3344 3107 tendentia
3372 3052 3448 3108 ad
3486 3053 3603 3108 exi·

2009 3141 2262 3196 stendum
2306 3140 2541 3212 petenda
2588 3133 2720 3217 est),
2768 3140 2863 3196 sed
2906 3141 3075 3195 etiam
3109 3140 3179 3195 ad
3212 3140 3477 3214 specialia
3508 3141 3596 3196 de-
3658 3149 3661 3152 ’

2009 3229 2315 3285 scendendo
2369 3228 2617 3284 videmus
2670 3228 2915 3286 mirabili
2970 3229 3185 3284 ratione
3232 3231 3292 3286 in
3336 3233 3460 3286 tota
3504 3245 3597 3284 na·

2009 3322 2135 3374 tura
2177 3317 2377 3374 habene
2420 3318 2601 3374 locum
2644 3319 2791 3390 leges
2834 3317 3229 3391 metaphysicas
3246 3333 3463 3391 causae,
3504 3335 3597 3392 po·

2008 3407 2243 3480 tentiae,
2298 3405 2559 3482 actionis,
2620 3421 2819 3480 easque
2860 3406 2995 3481 ipsis
3037 3406 3247 3479 legibus
3292 3423 3427 3480 pure
3474 3423 3593 3481 geo·

2012 3495 2251 3552 metricis
2302 3495 2563 3552 materiae
2620 3497 2960 3569 praevalere,
3016 3495 3485 3570 quemadmodum
3536 3497 3594 3552 in

2013 3584 2303 3641 reddendis
2354 3583 2537 3655 legum
2590 3589 2773 3645 motus
2828 3586 3134 3642 rationibus
3177 3601 3377 3657 magna
3418 3586 3597 3643 admi·

2014 3674 2225 3730 ratione
2278 3687 2405 3728 mea
2458 3674 2789 3747 deprehendi
2844 3691 3015 3747 usque
3071 3674 3211 3730 adeo
3225 3717 3243 3749 ,
3302 3677 3363 3730 ut
3412 3675 3595 3749 legem

2014 3761 2427 3836 compositionis
2460 3764 2819 3835 geometricae
2840 3767 3152 3836 conatuum,
3182 3763 3321 3820 olim
3340 3779 3375 3819 a
3389 3763 3595 3833 juvene

2014 3851 2169 3925 (cum
2214 3852 2515 3907 materialis
2554 3852 2729 3924 magis
2772 3851 2974 3919 mem)
3018 3853 3313 3925 defensam,
3360 3853 3595 3926 denique

2012 3941 2257 3997 deserere
2310 3941 2414 3999 sim
2466 3945 2713 4013 coactus,
2770 3945 2833 3996 ut
2884 3939 3018 3996 alibi
3074 3957 3110 3997 a
3150 3957 3241 3998 me
3285 3942 3459 3999 fusius
3504 3959 3592 3999 ex⁴

2010 4031 2289 4104 plicatum.

2102 4119 2188 4175 Ita
2244 4135 2374 4190 ergo
2416 4118 2680 4175 habemus
2720 4115 2975 4174 ultimam
3014 4119 3289 4176 rationem
3330 4119 3593 4175 realitatis

2015 4211 2131 4264 tam
2162 4207 2519 4264 essentiarum
2552 4223 2719 4281 quam
2750 4207 3165 4264 existentiarum
3183 4209 3247 4264 in
3270 4224 3400 4280 uno,
3446 4209 3589 4281 quod

2014 4297 2203 4370 utique
2255 4297 2463 4352 mundo
2514 4297 2636 4370 ipso
2681 4295 2861 4365 majus
2916 4299 3190 4371 superius,
3247 4297 3591 4369 anter-iusque

2016 4403 2133 4442 esse
2196 4401 2415 4442 necesse
2466 4391 2578 4459 est,
2642 4403 2769 4441 cum
2823 4404 2925 4457 per
2976 4387 3159 4460 ipsum
3196 4389 3323 4442 'non
3376 4390 3590 4441 tantum

2014 4475 2325 4548 existentia,
2372 4491 2513 4547 quae
2556 4476 2791 4530 mundus
2820 4473 3212 4549 complectitur,
3257 4476 3367 4532 sed
3384 4479 3443 4531 et
3474 4493 3590 4548 pos·

2015 4563 2199 4620 sibilia
2240 4565 2479 4620 habeant
2520 4565 2841 4620 realitatem.
2909 4565 2971 4621 ld
3016 4568 3202 4620 autem
3244 4581 3358 4620 non
3392 4565 3502 4619 nisi
3535 4565 3589 4619 in

2014 4669 2127 4708 uno
2172 4655 2323 4708 fonte
2362 4653 2551 4723 quaeri
2594 4657 2777 4727 potest
2820 4655 2893 4710 ob
2936 4655 3132 4710 horum
3176 4655 3425 4710 omnium
3466 4669 3589 4710 con·

2014 4740 2311 4796 nexionem
2364 4740 2509 4798 inter
2561 4757 2638 4797 se.
2714 4743 2875 4798 Patet
2926 4748 3111 4799 autem
3165 4743 3239 4799 ab
3291 4744 3391 4799 hac
3446 4745 3591 4798 fonte

2014 4847 2101 4886 res
2144 4829 2439 4886 existentes
2477 4831 2734 4887 continue
2765 4847 3093 4904 promanare
3122 4849 3186 4888 ac
3218 4831 3445 4906 produci
3474 4849 3591 4905 pro-

2016 4920 2313 4993 ductasque
2354 4935 2490 4994 esse,
2532 4935 2657 4977 cum
2700 4937 2814 4976 non
2859 4926 3121 4995 appareat
3162 4937 3261 4978 cur
3302 4935 3443 4976 unus
3490 4926 3591 4976 sta·

2016 5013 2105 5064 tus
2172 5008 2364 5065 mundi
2418 5011 2591 5082 magis
2644 5024 2811 5083 quam
2866 5011 3033 5086 alius,
3089 5011 3371 5068 hesternus
3422 5010 3589 5083 magis

2018 5101 2184 5170 quain
2212 5098 2507 5155 hodiernus
2538 5100 2609 5155 ab
2644 5099 2767 5172 ipso
2788 5101 2939 5155 fluat.
2972 5127 3045 5140 -
3070 5101 3233 5157 Patet
3261 5101 3429 5156 etiam
3462 5113 3587 5172 quo·

2016 5187 2185 5250 modo
2204 5187 2353 5246 Deus
2384 5204 2497 5246 non
2530 5191 2745 5246 tantum
2778 5188 3000 5263 physice
3031 5191 3126 5248 sed
3156 5194 3215 5246 et
3242 5189 3419 5246 libere
3449 5193 3581 5264 agat,
