3717 5850
327 331 457 396 102

321 483 371 540 B
412 481 579 539 homo
620 484 709 538 est
744 480 905 555 lapis,
948 495 1091 553 quae
1130 477 1269 536 nihil
1296 477 1447 536 aliud
1489 483 1573 536 est
1599 493 1767 551 quam
1806 478 1911 536 ali-

322 570 449 644 quis
490 571 659 627 bomo
700 573 787 627 est
824 569 984 644 lapis.
1057 567 1244 640 Atque
1284 567 1387 624 hoc
1426 572 1514 626 εει
1544 568 1765 642 proprie
1808 567 1910 624 di-

324 663 511 716 ctum
560 659 645 716 de
698 658 886 715 omni
938 661 1007 714 et
1058 656 1319 714 dictum
1372 656 1455 714 de
1506 657 1733 731 nullo,
1787 659 1910 714 tan-

324 763 495 820 quam
536 747 953 805 fundamentum
994 745 1177 802 omnis
1204 745 1485 802 doctrinae
1522 745 1908 819 syllogisticae,

321 845 526 911 nempe
566 836 819 894 doctrina
855 834 1269 909 oppositionum
1320 835 1529 907 pariter
1578 850 1645 892 ac
1696 833 1910 907 primae

326 926 549 999 figurae,
580 925 780 981 veluti:
826 923 1050 982 omnis
1084 924 1285 980 homo
1312 927 1417 978 est
1442 922 1737 994 animal3
1781 939 1909 979 om-

326 1013 436 1070 nis
489 1013 691 1070 miles
744 1017 851 1070 est
913 1013 1143 1084 hom03
1206 1011 1380 1083 Ergo
1432 1010 1653 1068 omnis
1706 1010 1910 1067 miles

326 1106 435 1158 est
476 1103 753 1158 animal.
849 1100 977 1157 Jam
1030 1100 1189 1157 miles
1230 1099 1398 1156 homo
1441 1104 1499 1156 et
1550 1099 1707 1156 miles
1757 1097 1909 1155 coin-

326 1190 519 1247 cidunt
561 1190 721 1263 (quia
762 1189 944 1247 omnis
986 1189 1147 1246 miles
1199 1192 1283 1244 est
1322 1180 1516 1265 homo)
1570 1189 1717 1260 Ergo
1758 1187 1911 1244 coin-

326 1277 519 1336 cidunt
560 1279 719 1336 miles
760 1279 927 1336 homo
954 1281 1039 1334 est
1065 1276 1273 1333 ariimal
1300 1281 1357 1332 ει
1384 1277 1543 1332 miles
1570 1280 1657 1333 est
1682 1275 1907 1332 animal.

416 1367 607 1440 ltaque
645 1367 973 1424 recurrimus
1000 1365 1073 1422 ad
1116 1364 1533 1421 madmentum
1560 1364 1697 1420 illud
1724 1380 1911 1421 meum

328 1455 662 1514 reductionis
675 1495 693 1528 ,
746 1471 858 1528 quo
901 1454 1040 1510 alias
1082 1453 1455 1510 demonstravi
1497 1454 1642 1527 leges
1684 1453 1911 1526 syllogi-

328 1545 507 1601 sticas.
598 1545 792 1600 Omnis
834 1542 1001 1599 homo
1044 1547 1128 1598 est
1170 1542 1379 1598 animal
1393 1583 1411 1615 ,
1468 1542 1547 1598 sic
1588 1541 1913 1615 interpreta-

327 1633 458 1690 bar:
502 1633 687 1689 Homo
728 1633 938 1688 animal
981 1634 1038 1687 et
1077 1631 1244 1687 homo
1280 1629 1645 1703 aequivalent,
1676 1645 1772 1686 seu
1814 1628 1911 1701 qui

328 1722 465 1778 dicit
514 1721 597 1778 Te
648 1737 767 1777 esse
828 1719 1113 1777 hominem
1176 1719 1310 1776 dicit
1372 1719 1455 1776 Τε
1504 1735 1623 1776 affe
1684 1716 1910 1774 animal.

326 1809 566 1876 Quidam
608 1826 669 1865 se
710 1809 1025 1882 appellabat
1054 1807 1451 1880 Griinberg,
1498 1807 1687 1862 viridis
1730 1822 1909 1862 mons.

326 1898 541 1956 Sodalis
584 1897 637 1954 ei
680 1897 830 1970 dicit,
874 1898 1144 1952 sufficeret
1184 1899 1248 1951 ut
1272 1897 1355 1954 Tc
1392 1895 1695 1970 appellares
1721 1895 1848 1952 Ber
1858 1912 1910 1967 g.

327 2003 505 2044 mons.
594 1985 742 2051 Quid
783 1986 897 2041 ita‘!
953 1985 1245 2058 respondet
1286 1983 1463 2058 prior,
1518 1987 1751 2058 putasne
1793 1999 1915 2039 om-

326 2093 427 2134 nes
467 2079 685 2131 montes
726 2089 844 2130 esse
886 2073 1121 2130 viridesi
1164 2072 1268 2129 Cui
1302 2072 1525 2146 sodalis,
1568 2073 1665 2144 ita,
1708 2071 1908 2146 inquit,

328 2180 474 2221 nunc
514 2167 679 2236 certe,
723 2178 858 2218 nam
909 2166 1087 2217 aestas
1139 2166 1273 2217 erat.
1373 2162 1461 2217 lta
1517 2159 1598 2216 illi
1643 2161 1912 2217 naturalis

326 2267 518 2309 sensus
562 2251 807 2307 dictabat
847 2251 983 2306 haec
1021 2250 1131 2306 duo
1159 2249 1481 2322 coincidere,
1526 2249 1707 2305 omnis
1749 2265 1913 2307 mons

1346 337 1562 397 xxm
1626 310 2198 426 omi-munires
2239 335 2574 397 nooman.

2009 477 2174 538 cedit.
2242 478 2422 536 Omne
2463 477 2519 534 A
2561 482 2644 535 est
2685 477 2812 552 B,i.
2835 495 2882 534 e.
2915 477 3348 552 ABaequivalet
3384 480 3566 554 lpsiA.

2009 567 2117 624 Sed
2159 567 2215 622 A
2257 572 2341 624 εει
2381 567 2496 623 Ens
2541 561 2640 644 (ex
2666 565 2986 640 hypothesi)
3029 567 3176 640 Ergo
3204 567 3314 624 AB
3339 573 3420 624 est
3451 570 3564 644 Rus,

2008 656 2120 714 i.e.
2165 655 2446 728 quoddam
2484 655 2542 712 A
2583 661 2667 712 est
2709 656 2772 712 B.
2837 655 3106 730 Sedquia
3135 654 3566 730 parijureetiam

2009 748 2228 820 poterat
2265 744 2378 802 dici
2420 743 2522 802 BA
2561 749 2647 802 εει
2687 745 2802 802 Ens
2843 761 2941 800 seu
2981 745 3260 817 quoddam
3300 744 3345 801 B
3385 751 3464 802 est
3500 747 3566 819 A,

2008 834 2136 890 hinc
2177 833 2418 890 habebas
2451 832 2576 904 jam
2617 832 3028 890 conversionem
3066 850 3166 906 per
3205 833 3444 892 accidens
3482 852 3568 892 seu

2009 924 2180 980 talem
2221 922 2622 980 collectionem:
2679 923 2858 980 Omne
2898 921 2955 978 A
2995 925 3080 980 εει
3120 922 3194 996 Β,
3251 939 3379 996 ergo
3417 924 3570 996 quod-

2009 1011 2141 1067 dam
2182 1009 2228 1066 B
2270 1014 2356 1066 est
2395 1010 2468 1066 A.
2638 1006 2645 1012 “
2785 1053 2792 1062 .

2100 1098 2537 1156 Universalis
2590 1097 2921 1170 negativa
2971 1097 3142 1154 etiam
3184 1097 3424 1154 converti
3463 1105 3570 1172 pot-

2010 1191 2096 1245 est
2137 1205 2236 1261 per
2276 1188 2544 1260 accideris,
2591 1186 2688 1243 sed
2729 1187 2790 1242 id
2832 1186 2944 1242 alio
2973 1187 3142 1244 modo
3171 1186 3568 1260 demonstratur,

2010 1292 2144 1333 nam
2183 1275 2429 1333 converti
2473 1279 2654 1351 potest
2695 1275 3018 1348 simpliciter
3043 1280 3101 1332 ει
3127 1292 3418 1332 conversae
3441 1276 3570 1331 sumi

2012 1369 2196 1440 potest
2235 1365 2566 1422 subalterna.
2644 1364 3074 1423 conversionem
3115 1363 3236 1433 ejus
3281 1363 3574 1437 simpliciter

2011 1453 2334 1528 pennissam
2368 1453 2490 1523 jam
2533 1452 3045 1510 demonem-avimus.
3135 1454 3388 1526 Superest
3426 1455 3487 1507 ut
3523 1452 3576 1508 in

2009 1559 2079 1600 ea
2103 1541 2536 1600 demonstremus
2564 1541 3106 1600 subalternationem.
3194 1540 3416 1596 Nullum
3437 1539 3485 1595 A
3503 1544 3578 1596 est

2011 1631 2088 1702 133
2131 1631 2278 1704 Ergo
2321 1630 2598 1703 quoddam
2639 1629 2693 1686 A
2737 1646 2853 1687 non
2893 1634 2979 1686 est
3006 1629 3067 1686 B.
3143 1629 3354 1703 Nempe
3382 1629 3574 1684 nullum

2011 1719 2068 1776 A
2109 1721 2200 1776 est
2237 1719 2283 1776 B
2324 1717 2362 1774 i.
2407 1737 2456 1774 e.
2498 1719 2610 1776 AB
2651 1722 2736 1776 est
2788 1733 2902 1776 non
2943 1718 3292 1790 Ens3E1-go
3332 1716 3439 1772 AB
3479 1733 3577 1772 nou

2012 1807 2325 1879 aequivalet
2367 1805 2474 1880 ipsi
2516 1807 2573 1864 A
2618 1800 2793 1884 (quia
2836 1807 2893 1864 A
2933 1812 3018 1864 est
3058 1804 3214 1882 Ens)
3257 1807 3295 1862 i.
3339 1823 3386 1862 e.
3427 1806 3578 1878 quod-

2011 1897 2144 1953 dam
2187 1895 2241 1952 A
2270 1911 2386 1954 non
2425 1899 2511 1953 εει
2537 1896 2600 1954 Β.
2673 1895 2961 1952 Caeterum
3001 1895 3137 1968 quia
3179 1895 3390 1952 nullum
3425 1896 3476 1950 A
3507 1897 3578 1950 ent

2011 1982 2072 2043 Β.
2104 1983 2141 2040 i.
2173 2002 2221 2040 e.
2263 1984 2396 2056 quia
2424 1985 2535 2041 AB
2577 1987 2663 2041 est
2704 1985 2977 2041 non-Em
3018 1988 3078 2041 et
3121 1983 3249 2040 ideo
3277 1981 3390 2039 BA
3429 1981 3576 2038 etiam

2013 2077 2100 2131 est
2151 2073 2450 2145 non-Ens,
2509 2073 2680 2130 etiam
2733 2073 2842 2129 BA
2883 2088 3001 2128 non
3041 2072 3354 2146 aequivalet
3403 2071 3502 2144 ipsi
3539 2070 3578 2126 B

2013 2179 2110 2218 seu
2151 2161 2322 2220 etiam
2366 2161 2646 2233 quoddam
2674 2161 2719 2218 B
2747 2178 2862 2219 non
2903 2165 2990 2218 est
3015 2160 3089 2217 A.
3165 2161 3440 2218 Habemus
3465 2175 3577 2232 ergo

2011 2251 2138 2307 hinc
2167 2253 2284 2305 tam
2313 2249 2838 2307 subalternationem
2865 2265 3034 2323 quam
3059 2249 3472 2308 conversionem
3495 2263 3580 2321 per

326 2346 413 2399 est
442 2339 646 2396 'viridis
688 2343 746 2396 et
788 2337 1135 2412 aequivalent
1178 2338 1373 2395 viridis
1426 2354 1587 2395 mons
1630 2343 1688 2394 et
1728 2354 1910 2394 mons.
2012 2338 2264 2396 accidens
2306 2355 2380 2396 ex
2421 2339 2718 2395 universali
2759 2338 3031 2411 negativa.

415 2427 683 2486 Reductio
726 2443 853 2484 mea
895 2432 1051 2484 vetus
1094 2426 1221 2482 talis
1264 2426 1387 2483 fuit.
1462 2426 1913 2482 Universalis

326 2516 800 2575 affirmativa:
856 2516 1040 2573 Omne
1077 2515 1259 2571 Aest
1300 2516 1377 2587 133
1430 2515 1491 2572 id
1533 2518 1617 2573 est
1658 2515 1915 2589 aequiva-

326 2605 445 2664 lent
486 2605 597 2664 AB
640 2609 699 2662 et
740 2605 794 2660 A
835 2621 933 2661 seu
975 2604 1029 2661 A
1073 2620 1187 2661 non
1214 2603 1261 2660 B
1288 2607 1689 2662 estnon-ens,
1747 2603 1914 2661 Par·

326 2695 653 2752 ticularis
706 2693 1063 2766 negativa:
1118 2691 1399 2765 quoddam
1449 2693 1506 2750 A
1560 2709 1677 2749 non
1728 2696 1816 2749 εει
1867 2693 1913 2750 Β

326 2798 427 2839 seu
466 2799 582 2840 non
624 2782 971 2855 aequivalent
999 2783 1108 2839 AB
1150 2785 1207 2837 ει
1248 2781 1304 2836 A
1346 2799 1441 2838 seu
1484 2781 1540 2838 A
1580 2797 1699 2838 non
1738 2780 1787 2836 B
1827 2783 1914 2838 εει

325 2870 457 2929 Eua.
531 2872 611 2928 At
638 2869 1073 2928 universalis
1100 2869 1457 2943 negativaz
1503 2870 1716 2927 nullum
1744 2870 1799 2927 A
1828 2872 1914 2927 est

2101 2427 2390 2484 Caeterum
2411 2427 2564 2484 venit
2593 2427 2651 2483 in
2672 2432 2932 2501 mentem,
2975 2426 3150 2484 etiam
3181 2423 3577 2500 propositiones,

2013 2517 2377 2572 universalem
2429 2515 2742 2589 negativam
2794 2519 2852 2573 et
2893 2515 2948 2572 ei
3000 2517 3322 2590 oppositam
3371 2514 3580 2587 particu-

2011 2605 2190 2662 larem
2223 2605 2612 2662 affirmativam
2655 2605 2840 2662 reduci
2889 2621 3053 2678 pom
3107 2605 3183 2662 ad
3235 2603 3580 2676 aequipollen-

2012 2694 2168 2769 tiam,
2215 2693 2319 2750 boc
2361 2694 2557 2752 modo:
2611 2693 2838 2750 Nullum
2880 2693 2936 2748 A
2976 2697 3062 2750 est
3106 2695 3153 2751 B
3196 2693 3234 2750 i.
3279 2711 3328 2750 e.
3371 2691 3474 2748 AB
3511 2692 3581 2746 est

2013 2783 2305 2854 non-Em,
2361 2781 2530 2840 etiam
2571 2782 2650 2840 sic
2693 2781 2930 2856 exprimi
2973 2782 3207 2856 poterit:
3265 2797 3382 2838 non
3419 2777 3581 2851 aequi·

2012 2873 2200 2930 valent
2239 2871 2354 2928 AB
2394 2875 2454 2928 et
2493 2871 2604 2929 AB
2655 2871 2788 2929 Ens-
2889 2871 2962 2927 Et
3013 2866 3276 2931 similiter
3328 2869 3582 2943 quoddam

196 3002 207 3007 -
325 2962 391 3034 B⁷
432 2960 541 3017 erit
581 2961 692 3017 AB
733 2964 821 3017 est.
860 2976 1142 3033 non-eus,
1200 2964 1257 3015 ει
1298 2958 1765 3033 particularis
1807 2961 1914 3016 af·
1961 2957 1966 2974 ¹
2013 2962 2070 3019 A
2110 2965 2212 3019 est.
2245 2962 2294 3017 B
2335 2960 2374 3015 i.
2417 2979 2466 3017 e.
2511 2960 2622 3017 AB
2673 2964 2760 3017 est
2811 2961 2954 3032 Ens,
3009 2961 3184 3017 etiam
3237 2960 3317 3017 sic
3367 2955 3580 3032 exprimi

324 3050 693 3107 firmativa
735 3047 1011 3122 quoddam
1040 3048 1094 3105 A
1132 3050 1218 3105 est
1258 3048 1323 3122 B,
1367 3049 1473 3105 erit
1515 3048 1625 3105 AB
1666 3052 1752 3105 εει
1779 3048 1910 3104 Em.
2011 3051 2245 3123 poterit=
2289 3048 2402 3105 AB
2443 3054 2504 3108 et
2555 3048 2668 3107 AB
2720 3050 2834 3107 Ens
2885 3049 3260 3121 aequivalent.
3347 3048 3486 3103 Hinc
3522 3060 3582 3101 ex

324 3138 416 3195 Ex
457 3139 559 3195 hac
600 3138 1051 3211 interpretatione
1094 3137 1284 3193 statim
1326 3141 1523 3209 patent
1553 3136 1772 3209 regulae
1815 3153 1914 3209 op-

325 3226 669 3305 positionum
698 3225 925 3298 (quibus
966 3225 1341 3283 demonstravi
1366 3226 1665 3282 secundam
1706 3228 1765 3281 et
1805 3229 1915 3281 ter·

324 3315 465 3371 tiam
506 3330 581 3371 ex
622 3314 805 3387 prima
830 3313 1029 3387 figura)
1060 3317 1115 3370 et
1145 3315 1289 3386 leges
1316 3313 1734 3370 conversionum
1764 3311 1917 3386 (qui-

326 3404 433 3461 bus
474 3402 849 3461 demonstravi
888 3403 1117 3476 figuram
1160 3403 1442 3473 qtmtam)
1471 3405 1535 3459 ut
1560 3402 1915 3459 manifestum

324 3496 442 3565 est3
485 3508 618 3548 nam
660 3492 731 3547 U.
751 3491 822 3548 A.
864 3494 923 3547 et
964 3490 1026 3547 P.
1050 3491 1119 3547 N.
1164 3494 1516 3563 opponuntur
1558 3490 1687 3564 quia
1728 3490 1914 3563 aequi·

326 3580 677 3654 polianiam,
732 3596 899 3652 quam
942 3596 1053 3637 mia
1094 3580 1361 3653 affirmat,
1418 3580 1593 3637 altera
1634 3584 1801 3653 negat
1842 3579 1914 3636 de

324 3669 549 3741 iisdem3
602 3672 663 3727 et
702 3668 961 3725 similiter
1010 3669 1082 3727 U.
1128 3666 1199 3723 N.
1242 3672 1299 3724 ει
1340 3669 1403 3725 P.
1446 3669 1515 3725 A.
1560 3673 1914 3743 opponuntur

324 3758 677 3833 simpliciter,
724 3757 855 3830 quia
895 3757 1212 3829 entitatem,
1266 3772 1437 3830 quam
1491 3774 1603 3813 una
1654 3758 1910 3829 affirmat,

324 3848 501 3903 alta-a
542 3851 709 3919 negat
750 3845 821 3902 de
862 3846 1077 3904 eodem.
1167 3845 1236 3901 U.
1267 3846 1339 3905 N.
1386 3852 1445 3903 et
1486 3847 1548 3903 P.
1572 3846 1642 3903 A.
1685 3862 1914 3903 conver-

326 3940 517 3992 tunt-ur
557 3935 904 4009 simpliciter,
948 3952 1085 3991 nam
1134 3950 1261 3992 cum
1314 3935 1439 3992 dico
1496 3935 1603 3991 AB
1656 3940 1741 3992 est
1792 3951 1912 3991 non

324 4025 465 4097 Em,
510 4025 600 4080 vel
644 4024 743 4080 AB
784 4028 871 4081 est
911 4024 1057 4097 Ens,
1112 4022 1253 4079 nihil
1292 4026 1461 4080 refert
1504 4028 1689 4080 utrum
1730 4023 1912 4081 dioem

322 4113 495 4169 etiam
546 4111 657 4167 BA
700 4115 785 4167 est
826 4112 940 4168 Ens
992 4112 1083 4167 vel
1125 4110 1236 4167 BA
1278 4115 1362 4168 est
1414 4127 1531 4167 non
1580 4110 1722 4184 Ena,
1776 4128 1912 4167 nam

322 4200 674 4273 aequivalent
726 4198 836 4255 AB
888 4204 946 4257 et
998 4199 1125 4255 BA.
1224 4200 1330 4257 Sed
1384 4200 1452 4255 U.
1496 4190 1570 4254 A.
1624 4204 1682 4257 et
1731 4199 1796 4255 P.
1838 4199 1908 4256 N.

2014 3138 2123 3195 isto
2165 3137 2490 3195 enuntiandi
2531 3138 2702 3195 modo
2743 3138 2912 3195 etiam
2957 3138 3196 3195 habetur
3239 3136 3308 3193 U.
3348 3136 3416 3193 N.
3451 3138 3504 3191 et
3527 3132 3579 3189 P.

2013 3228 2084 3283 A.
2129 3225 2406 3300 oppositio
2457 3228 2516 3283 et
2565 3226 2862 3285 eamndem
2917 3227 3210 3285 conversio
3267 3224 3580 3298 simpliciter,

2013 3315 2254 3387 itemque
2308 3330 2402 3371 ex-
2425 3314 2494 3371 U.
2538 3314 2606 3371 N.
2653 3314 3082 3387 subalternatio;
3139 3331 3276 3371 nam
3325 3318 3442 3373 esto
3479 3310 3582 3367 nul·

2014 3404 2132 3461 lum
2173 3403 2230 3459 A
2269 3407 2356 3459 εει
2383 3403 2448 3476 Β,
2493 3404 2588 3461 fiet
2627 3403 2758 3461 inde
2799 3404 2911 3461 AB
2951 3408 3012 3461 et
3051 3405 3168 3461 AB
3203 3404 3322 3461 Ens
3363 3418 3472 3459 nou
3509 3416 3584 3455 ae-

2013 3491 2310 3565 quivalent.
2385 3491 2738 3549 merendum
2778 3496 2864 3551 εει
2904 3492 3048 3566 hine,
3095 3491 3378 3567 quoddam
3405 3490 3458 3547 A
3485 3502 3582 3545 non

2011 3598 2130 3637 esse
2175 3580 2221 3637 Β
2262 3596 2518 3637 seu-non
2559 3580 2903 3655 aequivalere
2929 3582 2986 3639 A
3025 3584 3086 3638 et
3123 3582 3270 3655 AB,
3313 3578 3584 3653 quiaAet

2011 3670 2068 3726 A
2110 3669 2226 3725 Ens
2266 3669 2617 3743 aequivalent
2657 3686 2732 3727 ex
2773 3669 3098 3743 hypothesi3
3141 3669 3344 3743 quodsi
3385 3683 3506 3741 ergo
3537 3664 3581 3719 A

2011 3758 2675 3832 etABaequivalereut,
2719 3758 3042 3817 etiamAB
3087 3763 3148 3817 et
3192 3758 3458 3817 ABEns
3507 3769 3583 3809 ae·

2011 3846 2354 3919 quivalerent
2393 3850 2586 3905 contra
2627 3852 2946 3905 assumtum.
3035 3846 3126 3903 lta
3171 3864 3365 3905 omnes
3407 3857 3582 3919 propo·

2011 3934 2242 3993 sitiones
2283 3934 2487 4007 logicas
2539 3936 2872 4009 categoricas
2925 3934 3255 3995 reduximus
3307 3935 3382 3993 ad
3429 3930 3582 3991 calcu·

2013 4023 2130 4080 lum
2171 4023 2738 4097 aequipouentiarum.

2100 4112 2389 4169 Caeterum
2431 4112 2560 4169 hinc
2599 4113 2774 4169 etiam
2811 4111 3162 4169 manifestim
3207 4113 3438 4187 apparet
3475 4110 3581 4165 tons

2009 4200 2217 4259 erroris
2265 4200 2327 4257 in
2381 4199 2482 4257 tali
2523 4200 2882 4259 conversione
2933 4201 3162 4257 omnis
3217 4202 3455 4258 ridens
3492 4198 3582 4251 est

323 4304 440 4345 non
490 4290 881 4345 convertuntur
932 4286 1279 4361 simpliciter,
1332 4304 1467 4343 nam
1518 4288 1621 4344 hae
1662 4288 1913 4362 proposi-
1956 4243 1963 4384 Ι
2011 4290 2236 4363 bomo,
2279 4304 2444 4362 ergo
2470 4289 2746 4362 quidam
2785 4290 2984 4347 homo
3027 4294 3137 4347 est
3168 4288 3432 4361 ridens,
3474 4298 3580 4343 cum

322 4377 522 4448 tiones,
552 4376 663 4431 AB
690 4376 1027 4449 aequipollet
1066 4376 1177 4448 ipsi
1202 4376 1261 4429 A
1286 4377 1374 4431 vel
1417 4392 1533 4455 non
1575 4376 1910 4450 aequipollet
1957 4394 1961 4459 j
2010 4381 2196 4435 tamen
2238 4377 2354 4435 fieri
2383 4382 2570 4451 posset
2603 4379 2662 4435 et
2688 4377 2806 4435 fieri
2833 4378 3104 4452 potuisset
3129 4383 3196 4435 ut
3223 4379 3410 4435 nullus
3433 4376 3582 4431 homo

322 4466 435 4539 ipsi
473 4465 545 4536 A,
590 4478 707 4519 non
750 4464 946 4521 codem
988 4466 1157 4522 modo
1198 4468 1439 4521 tractant
1479 4464 1536 4521 A
1580 4469 1639 4521 et
1687 4466 1761 4537 Β,
1808 4481 1910 4521 nec
1956 4460 1962 4554 ᾗ
2008 4482 2155 4523 nanc
2197 4482 2387 4523 revera
2428 4466 2626 4540 rideat,
2673 4468 2790 4524 imo
2831 4482 3118 4539 nunquam
3145 4468 3355 4541 riserit,
3383 4466 3492 4521 imo
3528 4464 3582 4515 ut

320 4554 451 4611 inde
470 4552 717 4625 sequitur
735 4552 837 4609 AB
852 4553 1187 4627 aequipollet
1204 4552 1295 4609 vel
1313 4568 1429 4611 non
1448 4553 1783 4627 aequipollet
1798 4552 1909 4627 ipsi
1957 4563 1961 4574 ·
2008 4556 2192 4613 nullus
2231 4556 2400 4613 bomo
2441 4555 2734 4614 exstitefit.
2833 4555 3028 4613 Omnis
3069 4555 3266 4613 ridens
3309 4559 3398 4613 est
3434 4554 3582 4609 homo

320 4643 383 4699 B.
426 4643 507 4699 At
524 4642 809 4699 conversio
828 4658 929 4716 per
946 4643 1195 4701 accidens
1213 4642 1605 4717 propositionis
1620 4642 1908 4701 affirmati·
1954 4585 1961 4719 J
2009 4644 2046 4699 i.
2091 4661 2139 4701 e.
2181 4644 2368 4701 ridens
2407 4648 2466 4701 et
2507 4644 2691 4703 ridens
2733 4645 2901 4703 homo
2941 4644 3317 4716 aequivalent.
3387 4641 3490 4699 Sed
3519 4636 3581 4695 ri·

322 4748 443 4805 vae,
460 4732 567 4787 boc
584 4731 753 4789 modo
775 4734 1055 4806 metatus,
1086 4732 1475 4807 praesupponit
1492 4733 1906 4790 conversionem
1955 4728 1960 4800 ζ
2009 4734 2145 4791 dens
2187 4737 2273 4789 est
2313 4733 2428 4789 Ens
2469 4749 2542 4791 ex
2585 4733 2892 4807 hypothesi.
2995 4734 3147 4805 Ergo
3203 4733 3392 4791 ridens
3433 4732 3581 4787 homo

320 4818 643 4895 simpliciter
683 4820 1029 4896 particularis
1072 4820 1477 4895 Affirmativae‚
1522 4821 1637 4878 iam
1678 4822 1906 4879 demon·
1955 4823 1962 4898 Ι
2007 4827 2091 4878 εει
2131 4820 2266 4895 Ena,
2310 4838 2408 4877 seu
2449 4820 2676 4895 quidam
2697 4823 2866 4879 bomo
2907 4826 2994 4879 est
3033 4821 3248 4879 ridens.
3323 4820 3434 4877 Ubi
3459 4818 3580 4874 Ens

319 4914 551 4969 stu-atam
614 4914 673 4966 ει
725 4916 1010 4985 praeterea
1068 4910 1593 4969 demonstrationem
1638 4911 1906 4968 subalter·
1955 4907 1960 4982 ξ
2007 4910 2070 4967 in
2111 4910 2502 4984 propositione,
2547 4910 2743 4969 homo
2784 4912 3022 4969 ridens
3063 4916 3178 4967 est
3223 4911 3362 4969 Ens
3404 4907 3580 4965 eodem

316 5000 563 5057 nationis
602 5014 703 5055 seu
742 4998 1269 5056 demomtmtionem
1284 4999 1627 5073 particularis
1668 5000 1906 5057 affirma-
1954 5016 1960 5045 ³
2006 4999 2176 5057 modo
2217 4998 2362 5057 sumi
2404 4999 2572 5059 debet
2611 5004 2676 5057 ut
2703 5000 2764 5057 in
2791 4997 3175 5074 propositione
3217 5000 3464 5057 ridens
3485 4996 3581 5051 est

319 5088 469 5147 am
508 5104 585 5147 ex
622 5087 921 5145 mivmli
960 5088 1311 5145 armam.
1396 5088 1577 5145 omne
1618 5087 1671 5142 A
1714 5091 1799 5143 est
1839 5086 1904 5143 B.
1955 5053 1960 5095 ³
2005 5087 2170 5162 Ena,
2211 5088 2264 5145 ai
2305 5092 2555 5147 sumatur
2580 5088 2716 5145 Ena
2757 5088 2828 5147 «ιο
2855 5086 3240 5163 possibilitate
3277 5103 3380 5146 sen
3419 5090 3480 5145 ut
3515 5081 3582 5139 sit

318 5176 467 5251 ἷζε-30
508 5176 789 5251 quoddam
828 5176 885 5235 A
926 5180 1012 5235 est
1052 5177 1113 5235 Β.
1201 5176 1614 5236 Demonstratio
1653 5176 1739 5233 sic
1777 5192 1905 5252 pro·
1954 5136 1961 5215 Ι
2004 5176 2240 5237 ridens
2267 5176 2572 5251 ini-agione
2589 5178 2872 5252 ldesrumz,
2899 5176 3376 5250 etiamquidam
3399 5176 3580 5233 homo
