3717 5850
433 338 571 415 4³8

435 498 546 559 bus
581 498 640 552 et
675 488 808 549 mibi
845 486 1322 560 ademtam
1351 484 1686 547 nummii·
1721 484 2018 547 consedes

521 676 615 733 Do
638 683 864 742 operam
889 669 982 742 ut,
1023 679 1193 739 quum
1230 664 1474 739 primum
1509 662 1726 739 licebit,
1769 664 1893 721 Deo
1922 678 2018 719 vo-

439 766 604 835 lente,
631 774 828 831 campo
853 755 1112 813 historico
1137 754 1420 829 excedam,
1447 769 1614 857 opere
1639 752 1854 811 effecto.

519 848 614 907 Ad
633 847 796 906 binas
815 846 1188 903 dubitationes
1207 848 1332 901 tuas
1353 842 1532 899 venio.
1575 840 1716 897 Oum
1733 831 2019 943 perceptio

433 938 574 999 nibil
597 935 750 993 aliud
787 936 880 1009 sit,
919 949 1088 1008 quam
1127 934 1430 991 multorum
1465 930 1528 987 in
1565 946 1678 989 uuo
1715 928 2019 1005 ammeio,

433 1042 652 1089 necesse
689 1030 776 1083 est
821 1040 1012 1081 omnes
1049 1022 1392 1081 Entelsmias
1439 1036 1536 1076 seu
1576 1018 1846 1075 Momdes
1896 1034 2019 1091 per-

429 1116 682 1192 ceptione
707 1113 984 1188 praeditas
1007 1128 1144 1185 ease,
1173 1126 1352 1183 neque
1375 1109 1488 1165 nlla
1515 1112 1747 1167 naturae
1765 1106 2020 1165 Machina

431 1222 534 1268 ma
567 1203 868 1261 enteleobia
905 1200 1132 1274 propria
1167 1202 1334 1257 caret.
1403 1195 2021 1256 Meae‘Enuutiatioues

431 1293 768 1353 universales
793 1306 914 1348 esoe
939 1290 1134 1363 solent,
1163 1292 1224 1345 et
1249 1302 1466 1347 servare
1491 1286 1822 1357 analogiam.

367 1418 370 1423 -
429 1446 434 1451 ,
518 1383 808 1441 Peccatum
825 1378 1092 1448 originale
1107 1394 1210 1435 nec
1228 1375 1557 1449 Entelecbia,
1587 1390 1688 1433 nec
1713 1372 2022 1433 abstantia

425 1488 552 1533 esse
575 1474 786 1546 potest.
827 1482 954 1527 cum
983 1482 1096 1523 non
1123 1466 1197 1523 sit
1225 1464 1446 1538 aliquod
1475 1464 1719 1539 Animal,
1749 1464 1838 1521 vel
1864 1461 2023 1535 quasi

427 1561 673 1633 Animal,
703 1574 804 1615 uec
829 1556 1036 1615 Anima
1061 1554 1212 1625 ejus·
1197 1594 1215 1628 ,
1257 1554 1354 1611 sed
1381 1553 1722 1631 imperfectio
1747 1550 2021 1625 quaedam

429 1654 652 1708 nostr-ae
677 1648 912 1719 animae,
941 1646 1030 1701 cui
1047 1649 1104 1701 et
1123 1642 1462 1718 imperfectio
1491 1643 1552 1699 in
1572 1658 1802 1716 corpore
1827 1644 2021 1699 nostro

431 1738 736 1811 respondet·
819 1732 1294 1801 Quemadmodum
1333 1730 1621 1801 Horologii
1659 1730 1748 1785 vel
1793 1729 2019 1785 alterius

429 1826 724 1885 Machina
763 1823 1106 1899 imperfectio
1131 1826 1286 1897 orta,
1325 1821 1374 1877 si
1401 1821 1609 1895 placet,
1649 1835 1723 1875 ex
1759 1818 2021 1874 clasmate

419 1914 738 1987 debilitato,
764 1913 1018 1969 machina
1043 1912 1230 1985 utique
1255 1926 1372 1969 non
1397 1915 1499 1967 est.

427 2065 435 2073 ‚
517 2002 796 2071 Quoniam
821 2001 906 2059 ita
929 2000 1222 2075 permittis,
1252 1999 1440 2057 literas
1469 1995 1825 2071 Antverpiam
1853 1992 2018 2051 desti-

429 2096 590 2149 natas
615 2092 704 2149 hic
727 2089 988 2161 adjmgo.
1053 2089 1218 2166 Vale,
1259 2096 1316 2147 et
1343 2104 1435 2145 me
1459 2104 1606 2145 ama.
1660 2084 1881 2145 Dabam
1906 2083 2019 2141 Ha·

424 2195 666 2241 noveras
704 2180 734 2237 1
751 2180 802 2237 1.
831 2178 968 2303 Julii
1001 2177 1078 2235 17
1087 2180 1189 2237 06

1309 2263 1690 2323 Deditiasimus

1045 2354 1286 2413 Godef.
1331 2353 1510 2411 Guil.
1552 2352 1969 2411 Leibnitius.

514 2445 579 2503 P.
605 2445 663 2502 8.
717 2446 920 2507 Contra
943 2442 1238 2517 quemdam
1264 2442 1656 2501 Ptolemaei
1691 2442 1869 2499 nostri
1909 2438 2014 2497 viri

427 2534 630 2593 aurumi
655 2533 860 2593 librum
885 2548 1112 2610 novum,
1150 2532 1430 2636 Censores,
1459 2524 1581 2609 (qui
1609 2546 1869 2605 persaepe
1897 2544 2015 2585 mo-

429 2624 563 2725 rosi,
596 2622 698 2679 etsi
736 2623 798 2682 in
837 2621 1102 2697 invidiam
1141 2621 1302 2697 proni
1331 2620 1489 2691 sunt)
1518 2619 1701 2676 ueoeio
1727 2618 1863 2691 quid
1894 2634 2013 2673 mo-

430 2711 572 2769 visse
607 2710 880 2769 intellexi.
935 2690 1147 2768 literas
1185 2709 1322 2766 mihi
1360 2708 1605 2765 Hildesia
1651 2722 1867 2781 semper
1916 2723 2014 2781 per

429 2800 865 2876 Luueburgicam
901 2816 1013 2859 nou
1051 2816 1153 2875 per
1189 2798 1512 2857 Caesaream
1549 2801 1824 2873 poetam
1862 2795 2009 2853 mitti

425 2894 576 2968 peto.

1063 3065 1378 3077 ffl-

803 3238 1410 3298 'EPISTULA
1465 3239 1563 3296 w.

561 3363 944 3424 Admodum
971 3361 1350 3422 reverende
1377 3364 1612 3438 pater,
1639 3364 1876 3419 fautor

1017 3448 1429 3523 honorande,
1625 3467 1628 3472 ·

380 3607 392 3615 ·
513 3591 727 3652 Literas
763 3597 884 3650 tuas
921 3589 1258 3662 gratissimas
1295 3607 1422 3648 cum
1447 3590 1828 3662 Janningianis
1862 3594 2007 3650 recte

420 3680 624 3756 ampi-
659 3681 762 3738 R.
784 3681 850 3739 Ρ.
893 3678 1272 3752 Jauniugio
1301 3679 1660 3754 respondebo,
1689 3679 1788 3737 ubi
1821 3679 2007 3752 Lipsia

425 3785 751 3846 responsum
777 3786 1038 3844 accepero
1052 3811 1069 3844 ‚
1106 3783 1368 3842 quorsum
1393 3767 1511 3838 eius
1539 3768 1830 3843 epistolam
1859 3768 2004 3826 misi.

425 3859 654 3919 Gaudeo
682 3859 985 3934 optimum,
1021 3863 1078 3916 et
1105 3857 1175 3916 dc
1201 3857 1448 3916 Historia
1487 3857 1899 3915 meritissimum
1927 3857 2007 3914 vi·

419 3965 550 4014 ‚rum
589 3946 1542 4021 Danielem-Papebrochium
1583 3947 1764 4004 visum
1790 3963 1999 4021 recupe-

419 4053 598 4112 rasse,
651 4041 712 4094 et
752 4054 821 4096 ea
857 4040 1037 4094 aetate
1077 4037 1257 4094 valere
1297 4052 1362 4094 ac
1411 4033 1668 4092 laborare
1703 4035 1764 4092 in
1803 4051 2005 4108 magno

415 4142 592 4201 opere
616 4124 767 4198 quod
791 4143 918 4184 cum
941 4125 1106 4184 sociis
1133 4128 1351 4182 strenue
1378 4127 1552 4193 urget.

513 4213 724 4286 Magno
759 4214 1162 4272 Ptolemaeo
1203 4211 1560 4285 vestro-quod
1597 4227 1741 4268 nunc
1767 4211 2005 4272 scribam

421 4301 785 4367 nonhabeoz
837 4298 2006 4374 Namhocannoampusjamadeum

414 4390 554 4450 dedi
579 4390 783 4466 literas,
815 4409 952 4466 quas
979 4391 1214 4466 perlatas
1243 4405 1422 4462 spem.

411 4525 419 4532 .
511 4479 732 4541 Gratiae
781 4481 952 4538 etiam
998 4495 1104 4550 ago
1143 4477 1292 4552 quod
1342 4493 1554 4536 mecum
1591 4475 2005 4534 communicasti

417 4569 818 4645 vomitiones
839 4568 1107 4644 quasdam
1135 4584 1208 4626 ex
1234 4567 1346 4626 illis
1371 4582 1507 4641 quas
1533 4566 1594 4622 in
1616 4567 1809 4626 vestris
1827 4566 2005 4626 Colle-

415 4660 530 4732 n‘is
553 4657 750 4732 ,doeaei
785 4659 1088 4733 superiores
1121 4657 1335 4716 nolunt.
1400 4655 1565 4724 Quod
1599 4655 1649 4714 si
1687 4672 1878 4714 omnes
1904 4655 2004 4716 ob·

421 4749 596 4806 tinere
627 4748 767 4823 licet,
796 4747 1164 4820 gratissimum
1189 4749 1294 4808 hoc
1320 4745 1454 4804 mihi
1481 4747 1644 4802 foret.

509 4837 742 4894 Memini
781 4837 964 4897 videre
1005 4838 1142 4896 olim
1177 4837 1388 4910 ,editum
1437 4833 1702 4890 similium
1749 4832 2000 4907 proposi-

411 4924 966 4999 .timumindiculum,
988 4941 1126 4999 quas
1153 4927 1214 4982 P.
1245 4922 1512 4980 Mutius
1542 4921 1997 4996 Vitellescus‚

412 5015 472 5072 si
491 5015 630 5074 bene
647 5013 892 5088 memini,
913 5031 1140 5074 censura
1157 5013 1340 5072 notari
1361 5014 1658 5068 curaverat.
1687 5010 1808 5084 Ego
1823 5010 1998 5068 liben-

422 5107 508 5162 ter
533 5106 632 5168 hs
655 5101 910 5168 censuras
934 5105 1024 5161 vel
1052 5106 1280 5174 vesu-as,
1322 5100 1408 5156 vel
1447 5088 1682 5157 aliorum
1709 5115 1995 5174 cognosco,

1241 342 1418 405 an.
1503 338 2902 405 AnnusnomEPHOLAEL-Jm

2102 490 2261 545 eante
2280 484 2559 562 loquendi,
2578 490 2637 545 et
2654 484 2989 545 cansion-
3004 500 3123 545 uon
3142 482 3485 545 manniae
3503 484 3689 547 merite

2104 575 2363 634 vitanum

2190 664 2270 721 Ut
2305 662 2539 737 paucula
2578 667 2867 721 aanotem
2880 660 2957 721 ad
2992 617 3688 737 easqmscoiumuuimti?

2102 767 2348 824 mecum,
2388 751 2623 811 dixu-im
2662 750 2737 811 ad
2776 754 3025 827 sextam,
3068 752 3274 811 Verum
3310 749 3543 825 quidun
3580 768 3688 809 ωε

2102 839 3399 915 quodmodussemelinducunpoeaedmen
3444 838 3688 897 sedum

2102 929 2441 1003 substautia3
2494 929 2771 995 Quoniam
2808 932 2997 987 tamn
3032 944 3149 987 non
3186 945 3289 1005 per
3328 944 3391 985 se
3426 928 3679 1001 subsistit,

2102 1035 2321 1092 semper
2336 1019 2620 1077 emanabit
2636 1018 2957 1077 substantia.
3000 1018 3093 1077 Ad
3118 1018 3264 1075 iam.
3287 1018 3433 1075 Puto
3460 1033 3569 1090 ego
3584 1034 3681 1075 ιιοιι

2102 1107 2321 1181 quidem
2348 1108 2713 1181 qmntitatem
2740 1110 2941 1183 motare,
2968 1106 3065 1163 sed
3090 1106 3681 1165 tametiviriumaDce

2101 1199 2430 1269 conservari,
2461 1196 2783 1255 naturaliter
2806 1195 3012 1255 scilicet
3040 1195 3270 1265 agendo.
3335 1195 3569 1251 Interim
3592 1192 3688 1251 hoe

2103 1302 2217 1343 uon
2247 1285 2464 1343 ducitur
2500 1302 2577 1341 ex
2614 1283 3077 1359 mamentianos,
3120 1300 3223 1343 nec
3258 1284 3389 1341 ideo
3424 1284 3577 1341 Deus
3608 1288 3683 1339 eet

2104 1374 2423 1431 incomtans
2446 1373 2597 1447 quod
2620 1373 2830 1447 aliquid
2858 1376 3065 1447 mutat,
3120 1389 3247 1431 cum
3284 1377 3546 1431 constans
3578 1388 3683 1429 esee

2105 1463 2283 1538 possit
2318 1462 2380 1519 in
2418 1464 2605 1536 ιιιιιιιιιι
2630 1464 2845 1519 ratione
2870 1462 2959 1519 vel
2986 1462 3107 1535 lege
3132 1462 3440 1537 apetium,
3482 1477 3559 1519 ex
3582 1477 3683 1533 qua

2106 1549 2339 1608 mutatio
2364 1551 2486 1609 fluit
2512 1551 2573 1609 in
2600 1551 2823 1625 negotio
2850 1550 3124 1609 interiore.

2190 1640 2285 1697 Ad
2318 1632 2415 1697 10.
2480 1640 2607 1698 Jam
2658 1640 2867 1697 dudum
2914 1638 3146 1713 exposui
3206 1644 3449 1697 mentem
3506 1654 3677 1695 meam

2102 1730 2273 1804 Prop.
2318 1728 2423 1785 16.
2486 1729 2675 1787 Etiam
2712 1729 2829 1803 ipse
2876 1728 3108 1785 refutavi
3150 1727 3399 1802 publice,
3448 1728 3545 1785 aed
3582 1744 3677 1801 pm

2102 1818 2409 1892 quantitate
2428 1823 2627 1893 motus,
2656 1822 2721 1875 ut
2738 1816 2895 1892 dixi„
2906 1818 3269 1890 quantitatem
3289 1818 3504 1892 virium,
3536 1832 3672 1875 eam·

2100 1922 2211 1981 que
2236 1901 2607 1981 (natm-aliter)
2636 1906 2947 1965 conservari
2972 1921 3187 1965 censeo.

2190 1995 2281 2053 Ad
2316 1995 2413 2052 19.
2476 1996 2665 2055 Sentio
2704 2001 2935 2070 motum,
2980 2000 3039 2055 et
3064 1993 3688 2063 Entelechianmmnem

2100 2082 2391 2143 secundam
2434 2102 2510 2143 ex
2542 2085 2727 2160 prima
2750 2086 2939 2160 fluere,
2980 2084 3229 2157 adeoque
3266 2088 3535 2141 creaturas
3558 2098 3679 2139 ωε

2098 2175 2323 2231 activas.
2410 2174 2532 2231 Etsi
2570 2173 2793 2233 interim
2820 2176 2967 2247 leges
2990 2173 3407 2246 cogitationum
3443 2176 3504 2229 et
3539 2172 3677 2245 leges

2100 2268 2349 2321 motuum
2374 2276 2413 2317 a
2440 2280 2499 2319 se
2528 2264 2767 2319 invicem
2790 2263 2905 2319 sint
2933 2260 3373 2337 independentee-

2190 2350 2279 2409 Ad
2311 2350 2411 2407 20.
2478 2352 2635 2409 idem
2658 2350 2785 2409 dico
2810 2351 2961 2425 quod
2990 2351 3063 2409 ad
3098 2351 3197 2408 19.

2182 2440 2276 2498 Ad
2308 2438 2411 2495 21.
2476 2440 2647 2498 Bruta
2684 2444 2821 2515 puto
2858 2439 3577 2515 pei-tectaesseAutomata,
3616 2445 3671 2495 et

2098 2532 2287 2587 tamen
2312 2527 2478 2587 ειιιιιιι
2502 2529 2705 2587 habene
2730 2530 3151 2604 pei-ceptionem.

2182 2616 2275 2673 Ad
2306 2616 2408 2673 22.
2450 2618 2589 2677 Cum
2615 2617 2805 2677 anima
2830 2618 2907 2679 sit
2926 2617 3237 2677 Enteledria
3254 2615 3669 2691 primitivam

2094 2706 2263 2779 poris,
2294 2705 2485 2779 utique
2510 2706 2931 2765 ineoconsistit
2955 2707 3117 2780 uui03
3160 2706 3567 2765 sedeonsensus
3592 2708 3669 2761 'm-

2096 2794 2599 2869 terperceptioum,
2638 2800 3245 2871 etmomscoiporeos,
3286 2811 3363 2853 ex
3396 2795 3669 2853 harmonia

2094 2882 2473 2959 praestabilita
2498 2884 2915 2960 intelligibiliter
2938 2885 3263 2961 explicatur.

2182 2973 2276 3032 Ad
2307 2973 2408 3030 23.
2482 2973 2657 3032 Valde
2694 2975 3005 3050 improbavi
3042 2975 3103 3032 in
3152 2973 3485 3032 Cartesianis
3526 2970 3667 3046 quod

2092 3065 2291 3136 putant
2322 3061 2467 3120 iuter
2494 3063 2727 3139 objecta,
2768 3069 2828 3122 et
2851 3069 3065 3122 nostras
3090 3064 3162 3122 de
3188 3064 3259 3120 iis
3286 3063 3559 3120 sensiones
3586 3077 3668 3118 ar·

2094 3149 2379 3208 binariam
2406 3155 2622 3213 tantum
2648 3153 3207 3226 esse-connexionem,
3234 3155 3295 3208 et
3308 3151 3375 3208 ιιι
3390 3151 3487 3208 Dei
3504 3151 3671 3207 tuisse

2090 3239 2327 3298 arbitrio
2338 3278 2357 3312 ,
2424 3253 2499 3298 an
2538 3241 2739 3300 odores
2780 3242 2947 3300 vellet
2985 3244 3395 3316 repraesentare
3428 3257 3519 3314 per
3544 3257 3669 3313 per-

2090 3326 2384 3401 ceptiones,
2412 3344 2553 3401 quae
2578 3345 2725 3389 nunc
2750 3335 2879 3388 sunt
2904 3331 3177 3402 colorum
3202 3329 3361 3403 quasi
3388 3345 3499 3386 uon
3524 3329 3669 3386 Deus

2090 3416 2281 3474 omnia
2318 3431 2537 3476 summa
2570 3419 2785 3478 ratione
2832 3419 3027 3493 fac‘mt,
3074 3424 3174 3478 aut
3209 3418 3369 3492 quasi
3416 3419 3671 3476 cimam

2088 3520 2191 3578 per
2250 3503 2582 3580 triangulum
2641 3512 3139 3621 mlx-aasenmturus
3198 3508 3299 3583 sit,
3360 3509 3671 3566 naturaliter

2090 3591 2389 3668 operando.

2178 3681 2269 3740 Ad
2303 3681 2403 3740 25.
2443 3682 2651 3742 Verum
2670 3687 2757 3740 est
2776 3683 2963 3740 omnia
2981 3683 3367 3742 Phaenomena
3384 3701 3669 3758 corporum

2088 3769 2363 3828 naturalia
2393 3770 2635 3846 (pmeter
2658 3771 3057 3849 pausationes)
3096 3789 3259 3847 pom
3284 3774 3553 3848 explioefi
3584 3791 3670 3848 ιιιιι

2086 3859 2553 3934 magnitudinem,
2592 3860 2823 3934 figuram
2850 3864 2907 3919 et
2932 3867 3173 3935 motum,
3222 3863 3323 3920 sed
3360 3863 3469 3936 ipsi
3496 3871 3670 3920 mous

2090 3941 2213 4050 (qui
2254 3952 2385 4004 sunt
2406 3965 2603 4006 causae
2644 3950 2965 4021 figurarem)
2994 3965 3112 4012 non
3136 3956 3371 4025 possunt
3394 3951 3669 4026 explicari,

2088 4036 2196 4104 nisi
2220 4036 2503 4094 advocatis
2530 4037 2855 4096 entelechiis.

2086 4181 2091 4188 ,
2176 4124 2268 4184 Ad
2302 4125 2403 4182 29.
2458 4125 2651 4184 Nullas
2685 4143 2805 4184 esse
2832 4129 3039 4186 formas
3068 4127 3458 4186 substantiales
3484 4144 3669 4204 corpo·

2088 4230 2209 4271 reas
2248 4230 2287 4271 a
2322 4213 2557 4285 materia
2594 4215 2905 4291 distinctas,
2958 4219 3105 4274 recte
3154 4216 3431 4292 rejicitur3
3478 4219 3529 4274 si
3574 4234 3672 4292 per

2087 4304 2295 4360 formas
2332 4319 2623 4377 corporeas
2660 4305 3033 4380 intelligantur
3068 4305 3258 4378 quales
3300 4313 3429 4364 sunt
3452 4306 3670 4362 animae

2086 4391 2399 4466 Brutorum,
2439 4390 2581 4465 qua’e
2618 4393 2823 4451 scilicet
2860 4393 3125 4452 reflexim
3150 4395 3354 4452 mentis
3388 4399 3533 4467 actu,
3572 4411 3669 4452 seu

2086 4479 2415 4552 cogitatione
2453 4482 2675 4555 proprie
2712 4483 2860 4542 dicta
2896 4487 3101 4540 carent.
3174 4483 3401 4542 Interim
3446 4483 3499 4540 si
3550 4484 3671 4558 quis

2087 4568 2369 4642 exciperet
2396 4572 2605 4628 formas
2628 4587 2917 4646 corporeas
2946 4571 3196 4630 interitui
3222 4573 3553 4630 naturaliter
3580 4573 3671 4630 ob·

2084 4657 2313 4732 noxias,
2350 4659 2433 4734 ei,
2474 4661 2678 4734 fateor,
2731 4676 2845 4717 non
2884 4676 3103 4734 possem
3146 4661 3461 4720 adhaerere.
3538 4663 3671 4718 Nam

2084 4761 2211 4804 cum
2232 4737 2539 4804 Themisti&
2566 4749 2745 4806 sentio
2778 4765 2969 4807 omnes
2996 4749 3339 4808 Enteleebias
3370 4751 3672 4825 primitivas

2082 4835 2443 4896 indivisibiles
2488 4853 2637 4911 esse,
2702 4843 2807 4896 seu'
2846 4838 2994 4912 quod
3043 4840 3263 4912 appello
3310 4839 3669 4898 Μοιιειειοε.

2038 4956 2045 4983 ι
2082 4924 2301 4982 Talium
2324 4929 2509 4984 autem
2534 4941 2713 4998 neque
2738 4927 2927 5003 origo,
2966 4943 3143 5001 neque
3168 4929 3429 4986 interitus
3458 4935 3667 4987 natura·

2078 5013 2207 5072 liter
2230 5014 2461 5085 intelligi
2488 5018 2685 5094 potest.

2166 5103 2457 5176 Quartam,
2486 5102 2549 5160 ni
2574 5104 2761 5178 failor,
2783 5103 2907 5173 J'am
2932 5107 3239 5165 refutarunt
3266 5103 3663 5174 Mathematici,

414 5205 600 5266 neque
619 5195 943 5258 centenno·
978 5192 1222 5252 Pertinet
1246 5187 1396 5252 enim
1421 5203 1490 5246 ea
1516 5204 1606 5248 res
1629 5187 1704 5249 ad
1731 5189 1997 5316 formidas
2074 5195 2133 5248 et
2158 5207 2273 5252 nou
2298 5206 2471 5267 {nuce
2500 5191 2617 5269 ipse
2637 5192 2791 5254 edidi
2818 5193 3083 5258 scientiae
3118 5193 3322 5262 infiniti
3354 5196 3661 5272 specimina-
