3717 5850
930 344 1251 407 Lxxxtv.
1339 346 1448 407 AD
1489 344 1628 407 Dus
1669 344 1925 405 BOSSES
1964 342 2317 405 m’ls‘rom
2358 346 2573 407 xxlv.

473 484 1030 547 EPISTOLA
1093 486 1336 545 xxiv.

99 606 756 669 Reverendissime
818 614 1049 684 pater,
1116 610 1354 667 fautor
1413 576 1712 667 bonora-

766 713 1052 809 tissime.

199 834 436 893 Gamo
465 840 520 893 te
547 834 688 893 bene
717 836 919 910 valere,
951 838 1008 893 et
1035 834 1146 893 mei
1173 834 1350 897 amice
1377 830 1706 893 meminisse.

99 925 356 981 litterae
390 927 520 980 tuae
558 923 806 979 redditae
844 923 978 979 mihi
1019 928 1147 979 sunt
1187 922 1254 977 R.
1283 922 1464 981 Patris
1503 923 1548 978 C
1561 938 1644 979 on
1657 938 1709 977 s-

3255 345 3387 412 689

1747 520 1751 535 ·
1795 484 1893 543 sed
1924 490 2044 543 tum
2072 484 2279 559 aliquid
2309 486 2655 563 absolutum,
2702 492 2915 547 tantum
2956 460 3161 546 variari
3202 506 3387 547 secuu-

1797 574 1932 633 dum
1982 574 2317 633 mutationes
2364 574 2639 633 animalis.
2728 578 2873 633 Hinc
2922 576 3231 634 substantia
3266 595 3386 635 eor-

1797 679 1997 736 ponea,
2049 662 2137 718 vel
2178 662 2449 719 vinculum
2502 662 2860 721 substantiale
2894 666 3199 722 Monadum
3212 702 3232 765 '.
3280 665 3383 722 etsi

1794 749 2117 808 naturaliter
2144 766 2243 805 seu
2270 748 2560 823 physice
2589 751 2777 823 exigat
2805 750 3110 827 Monaesi,
3139 752 3273 826 quia
3300 759 3382 809 ta-

1793 852 1925 895 men
1952 852 2070 895 nou
2096 841 2183 895 est
2210 836 2268 893 in
2298 837 2409 893 illis
2436 838 2745 911 tanquam·
2728 856 2787 895 ιιι
2816 840 3097 913 subjecto,
3142 856 3254 897 non
3296 858 3381 897 re-

1791 926 1975 999 quiret
2002 941 2099 981 eas
2126 928 2307 981 meta
2321 924 2631 999 physice,
2662 926 2908 997 adeoque
2937 928 3102 983 salvis
3130 926 3383 984 Monadi-

101 1013 144 1068 b
163 1011 405 1072 ruekii
458 1011 752 1085 beneflcio,
804 1026 915 1067 una
951 1023 1078 1067 cum
1117 1009 1468 1065 Orbanianis.
1559 1010 1706 1065 Paro
1743 1017 1752 1099 Ι
1791 1014 1897 1071 bus
1929 1012 2081 1085 tolli,
2119 1011 2208 1067 vel
2238 1012 2439 1067 mutari
2468 1015 2677 1088 potest,
2719 1016 2777 1069 et
2802 1014 3131 1069 monadibus
3163 1022 3383 1073 natura-

101 1114 200 1157 me
229 1100 308 1155 ad
335 1100 442 1156 iter
469 1098 920 1163 Hanoveranum,
962 1098 1057 1156 sed
1081 1097 1267 1153 nescio
1298 1113 1433 1168 quas
1461 1113 1562 1169 per
1589 1113 1707 1153 am·
1745 1106 1751 1168 ξ
1791 1100 1919 1157 liter
1946 1116 2061 1157 non
2088 1100 2201 1155 suis
2228 1100 2651 1157 accommodari.
2704 1100 2819 1159 Nee
2848 1102 2961 1157 ulla
2990 1100 3191 1157 Menas
3222 1120 3381 1175 prae-

101 1188 312 1260 bages,
365 1186 496 1258 quia
537 1186 805 1243 infamata
842 1192 924 1243 est
961 1185 1206 1257 Vienna,
1257 1186 1499 1255 contagii
1538 1190 1706 1241 metu.
1745 1175 1750 1251 ἱ
1791 1192 1879 1244 ter
1904 1187 2303 1260 dominantem,
2334 1187 2501 1243 etiam
2532 1188 2857 1245 naturaliter
2887 1188 3107 1245 vinculo
3128 1188 3383 1247 substan-

101 1274 230 1346 F.go
275 1279 464 1331 tamen
490 1274 766 1330 neminem
793 1274 970 1331 adhue
999 1272 1357 1347 morientem,
1413 1276 1512 1329 aut
1540 1272 1706 1329 mori-
1744 1268 1750 1356 j
1791 1276 1916 1332 tiali
1945 1276 2119 1331 affixa
2149 1280 2249 1349 est,
2279 1291 2407 1332 cum
2438 1274 2710 1331 Monades
2749 1280 2999 1346 caeterae,
3022 1294 3070 1332 ει
3054 1278 3137 1332 ιιι
3168 1277 3227 1333 in
3256 1294 3379 1351 per-

105 1362 366 1418 bundnm
395 1360 535 1434 vidi,
584 1366 965 1435 grassaturque
991 1362 1106 1417 lues
1133 1361 1194 1417 in
1223 1362 1410 1433 plebe,
1459 1360 1560 1417 ubi
1597 1366 1704 1442 ter-

102 1464 268 1522 rore,
309 1454 372 1505 et
405 1448 640 1519 miseriis
667 1450 853 1506 alitur.
941 1448 1174 1521 Caesar,
1215 1448 1322 1503 nisi
1363 1450 1704 1521 ingravescat

103 1536 352 1610 malum,
396 1536 589 1591 eedere
616 1542 805 1610 negat,
835 1536 1098 1609 quidquid
1127 1536 1394 1592 suadeant
1422 1536 1518 1608 qui
1548 1540 1704 1593 tanto

103 1623 356 1696 Principi
386 1624 602 1680 timent.
687 1624 754 1681 Id
785 1624 901 1694 agit
929 1624 1188 1697 Princeps
1227 1624 1535 1697 maximus,
1589 1641 1702 1680 me-

97 1726 350 1783 cumque
373 1727 488 1768 non
513 1712 680 1767 semel
711 1712 774 1767 in
803 1710 1198 1767 deliberatione
1244 1712 1524 1785 tractavit,
1567 1729 1750 1785 quo-
1744 1707 1748 1737 ²

99 1800 282 1857 modo
310 1799 542 1855 societas
571 1799 758 1871 aliqua
787 1798 1138 1864 scientiarum
1159 1798 1322 1855 condi
1344 1799 1536 1871 possit,
1566 1816 1705 1872 quae
1745 1819 1750 1833 ·

101 1888 302 1943 sedem
331 1888 578 1943 Viennae
615 1888 845 1958 habeat,
883 1887 964 1942 ita
996 1891 1202 1941 tamem
1231 1890 1296 1941 ut
1323 1886 1457 1941 alibi
1487 1902 1705 1958 quoque

101 1974 250 2031 socii
285 1990 400 2031 non
439 1972 650 2044 desint,
693 1974 788 2031 sed
825 1990 917 2031 res
955 1974 1032 2030 ob
1073 1972 1401 2029 brevitatem
1441 1976 1708 2048 temporis

99 2078 260 2118 nunc
299 2061 512 2118 absolvi
551 2077 664 2119 nou
693 2066 902 2135 potest,
943 2076 1106 2135 spero
1137 2065 1324 2117 tamen
1352 2060 1424 2117 ad
1453 2062 1708 2119 effectum

101 2149 530 2221 perducendam.

1791 1368 1960 1437 petuo
1988 1364 2162 1419 fluxu.

1878 1450 2251 1509 Substantiam
2282 1466 2394 1507 non
2425 1455 2615 1523 putem
2644 1450 2977 1507 simultatem
3004 1464 3228 1509 suarum
3260 1469 3384 1525 par·

1787 1539 1931 1597 tium
1960 1539 2167 1613 dicere,
2208 1538 2415 1610 alioqui
2443 1539 2595 1595 enini
2624 1540 2768 1595 soret
2794 1542 3163 1611 aggregatum.
3253 1540 3387 1597 Par·

1791 1633 1893 1701 tea,
1928 1642 2163 1699 quarum
2192 1631 2275 1682 est
2302 1626 2609 1700 vinculum,
2638 1625 2741 1683 etsi
2762 1627 2874 1682 sint
2902 1624 2955 1681 ei
2984 1628 3382 1699 connaturales,

1789 1730 1904 1771 uon
1944 1722 2129 1771 tamen
2172 1718 2303 1770 sunt
2340 1713 2393 1769 ei
2434 1714 2774 1785 essentialesg
2830 1713 3013 1785 itaque
3062 1714 3387 1769 naturaliter

1790 1804 2059 1859 tolluntur
2086 1801 2375 1875 paulatim,
2408 1804 2466 1855 et
2494 1801 2763 1877 ordinate,
2798 1800 2893 1855 sed
2924 1800 3249 1857 miraculose
3276 1804 3385 1857 sta-

1792 1890 1893 1945 tim
1930 1893 1985 1947 et
2028 1905 2127 1961 per
2166 1889 2367 1943 saltum
2404 1886 2665 1961 distingui
2706 1904 2739 1943 a
2782 1888 3000 1943 vinculo
3040 1893 3296 1964 possunt,
3328 1893 3387 1945 et

1793 1975 2069 2033 vinculum
2098 1977 2279 2048 ipsum
2310 1973 2451 2031 tolli.

1886 2063 2001 2119 Etsi
2042 2067 2229 2121 autem
2268 2060 2455 2135 panis,
2500 2064 2558 2117 et
2599 2058 2789 2116 vinum
2830 2075 2946 2116 non
2984 2060 3097 2119 sint
3124 2060 3386 2137 viventia,

1793 2154 1981 2207 tamen
2011 2156 2075 2211 ut
2102 2150 2290 2208 omnia
2318 2164 2570 2222 corpora,
2600 2153 2727 2204 sunt
2756 2164 2828 2205 ex
2855 2147 3171 2204 viventibus
3198 2165 3388 2223 aggre-

197 2239 352 2302 Quae
371 2236 444 2294 de
467 2237 698 2294 vinealis
719 2235 1170 2294 substantialibus
1193 2235 1328 2291 olim
1351 2234 1424 2291 ad
1447 2240 1500 2291 te
1521 2235 1706 2309 sripsi,
1793 2242 1939 2313 gata,
1972 2243 2029 2294 et
2056 2238 2273 2295 vincula
2297 2234 2685 2292 substantialia
2714 2235 3055 2304 singulorum
3084 2234 3386 2293 viventium

101 2341 260 2382 nunc
300 2340 412 2383 non
439 2325 676 2381 invenio.
765 2326 822 2381 Si
853 2324 1198 2381 admittimus
1225 2323 1559 2379 substantias
1589 2338 1708 2380 eor-
1792 2326 2269 2399 eomponentium,
2312 2323 2679 2379 substantiam
2716 2326 3074 2395 componunt.
3164 2324 3243 2380 At
3270 2340 3391 2381 eor·

101 2428 308 2485 pereas
322 2452 340 2487 ,
381 2428 478 2470 seu
518 2412 726 2485 aliquid
766 2412 1130 2469 substantiale
1169 2414 1388 2483 praeter
1415 2409 1706 2483 Monades,
1746 2427 1750 2435 ’
1799 2430 1903 2485 pus
1954 2413 2155 2469 Christi
2216 2411 2495 2467 vinculum
2555 2409 2923 2465 substantiale
2972 2409 3145 2465 totale
3199 2411 3387 2483 habet,

99 2500 194 2555 ita
221 2505 284 2559 ιιι
309 2516 542 2573 corpora
569 2516 680 2557 non
707 2500 818 2557 sint
847 2516 1002 2555 mera
1027 2499 1446 2570 phaenomena,
1489 2514 1710 2553 neeesse
1793 2514 1921 2556 eum
1960 2500 2033 2555 sit
2074 2514 2271 2573 eorpus
2299 2499 2521 2571 vivum,
2574 2497 2811 2569 denique
2838 2498 2887 2551 si
2916 2496 3047 2568 quid
3077 2501 3187 2569 est,
3239 2498 3389 2570 quod

99 2592 200 2645 est
249 2588 466 2645 vincula
514 2588 898 2645 substantialia
947 2603 1061 2644 non
1111 2602 1232 2643 esse
1281 2602 1460 2641 meros
1510 2586 1706 2643 modos
1791 2586 2163 2645 substantiam
2220 2601 2543 2659 corpoream
2602 2584 2919 2665 constituit,
2980 2584 3040 2638 in
3100 2600 3169 2640 eo
3228 2584 3391 2643 vobis

97 2676 426 2733 monadum.
515 2675 806 2732 Praeterea
841 2678 890 2731 si
929 2676 1206 2732 vinculum
1243 2673 1602 2730 substantiale
1632 2674 1709 2729 sit
1788 2672 2099 2748 quaerenda
2127 2678 2215 2729 est
2241 2673 2577 2747 possibilitas
2607 2671 3265 2743 transsubstantiationis3
3296 2672 3389 2729 sin

98 2762 384 2835 accidens,
417 2777 516 2817 seu
545 2762 758 2832 modus,
787 2778 902 2818 non
929 2763 1136 2833 poterit
1160 2778 1276 2818 esse
1305 2760 1514 2816 simul
1501 2777 1558 2815 in
1589 2762 1707 2833 plu·

95 2850 268 2907 ribus
307 2848 596 2919 subiende,
640 2852 698 2903 ct
733 2849 970 2919 proinde
1007 2849 1220 2903 nullum
1250 2863 1442 2903 revera
1485 2847 1708 2903 dabitur

95 2937 391 2993 vinculum
431 2935 794 2992 substantiale
833 2936 1076 3009 plurium
1117 2936 1451 3007 Monadum,
1499 2935 1596 2988 sed
1643 2935 1704 2990 in

95 3024 358 3096 qualibet
385 3022 628 3081 Monada
675 3024 782 3078 erit
831 3023 1126 3078 modalitas
1163 3023 1390 3094 propria
1427 3021 1501 3077 ad
1538 3021 1706 3077 aliam

91 3110 412 3176 ,Monadem
464 3110 722 3166 relativa:
777 3115 836 3166 et
889 3111 967 3165 ita
1017 3125 1205 3164 rursus
1260 3124 1494 3180 corpora
1551 3125 1710 3166 mera

103 3204 274 3255 erunt
301 3199 690 3270 ptiaenomena,
721 3201 780 3256 et
803 3213 932 3254 cum
964 3197 1226 3252 Monades
1255 3196 1388 3250 nibil
1421 3197 1534 3250 sint
1556 3196 1708 3253 aliud

103 3302 278 3358 quam
305 3285 826 3358 repraesentationes
873 3286 1378 3358 phaenomenorum
1405 3299 1532 3338 cum
1563 3287 1710 3342 tran-

109 3373 222 3430 situ
244 3372 316 3430 ad
336 3388 486 3430 nova
507 3373 899 3446 phaenomena,
923 3375 1093 3444 patet,
1121 3372 1182 3428 in
1205 3371 1274 3426 iis
1295 3370 1368 3427 ob
1390 3383 1717 3444 repraesew

111 3462 380 3518 tationem
409 3477 530 3518 esse
555 3460 992 3532 perceptionem,
1037 3459 1112 3516 ob
1141 3459 1438 3514 transitum
1465 3475 1584 3514 esse
1611 3475 1709 3532 ap-

111 3548 378 3620 petitum3
409 3563 510 3604 nee
547 3548 748 3605 dantur
785 3546 1092 3621 principia,
1135 3545 1282 3602 unde
1319 3545 1529 3618 aliquid
1559 3546 1712 3604 aliud

112 3636 230 3708 peti
259 3636 444 3708 possit.

205 3723 430 3780 Interim
453 3722 694 3790 objectio
715 3727 828 3796 tua,
854 3720 1326 3781 Reverendissime
1347 3721 1509 3777 Pater
1522 3761 1538 3794 ,
1573 3721 1710 3776 milii

113 3810 549 3868 consideratione
577 3811 744 3882 digna
773 3811 892 3868 visa
917 3815 1032 3881 est,
1083 3825 1157 3864 ex
1197 3825 1264 3864 eo
1293 3809 1475 3864 sumta
1489 3849 1508 3882 ,
1560 3808 1708 3880 quod

109 3899 330 3956 vincula
384 3898 768 3957 substantialia
817 3896 1152 3968 generabilia
1166 3937 1182 3970 ,
1233 3901 1291 3951 et
1333 3896 1710 3970 corruptibilia

116 3987 382 4042 dixeram.
479 3985 546 4041 Id
597 4001 728 4042 vero
766 3985 1081 4044 Modalium
1134 3985 1422 4056 proprium
1476 3982 1705 4057 videtur,

115 4090 187 4130 ex
225 4074 362 4130 meis
401 4072 572 4130 etiam
601 4074 914 4146 principiis,
965 4088 1067 4128 nec
1093 4073 1386 4128 convenire
1416 4071 1704 4127 absolutis.

119 4163 188 4217 Et
225 4161 348 4218 idco
377 4177 438 4216 re
469 4176 740 4234 expensa,
779 4163 1036 4218 hactenns
1065 4159 1394 4218 senteutiam
1427 4163 1612 4232 muto,
1645 4162 1709 4214 ut

117 4249 442 4322 putemjam
468 4250 604 4304 nihil
627 4249 760 4304 oriri
788 4248 1034 4321 absurdi,
1048 4247 1098 4303 si
1107 4248 1278 4304 etiam
1289 4247 1566 4303 vinculum
1579 4245 1706 4302 sub-

117 4337 386 4410 stantiale,
399 4351 496 4392 seu
507 4337 624 4409 ipsa
635 4335 940 4392 substantia
951 4335 1242 4406 compositi
1263 4335 1475 4390 dicatur
1488 4335 1706 4406 ingene-

117 4424 308 4480 rabilis
331 4423 844 4496 etineorruptibilis.
873 4422 1152 4488 Quoniam
1163 4437 1350 4478 revera
1364 4421 1568 4477 nullam
1579 4422 1707 4477 sub-

119 4512 372 4568 stantiam
390 4527 714 4583 corpoream
735 4507 1136 4566 admittendam
1165 4514 1300 4580 puto
1316 4549 1333 4583 ,
1374 4509 1480 4564 nisi
1505 4508 1602 4565 ubi
1625 4512 1708 4565 est

119 4614 318 4669 corpus
345 4599 666 4668 organicum
695 4613 820 4654 eum
843 4595 1090 4652 Monada
1125 4595 1472 4670 dominante,
1507 4612 1604 4652 seu
1629 4595 1708 4651 vi-

121 4699 266 4756 vum,
291 4685 498 4742 animal
507 4685 730 4757 scilieet,
751 4685 840 4740 vel
862 4683 1090 4739 animali
1109 4684 1422 4755 analogum.
1478 4683 1707 4740 Caetera

118 4787 247 4830 vero
289 4787 412 4828 esse
437 4776 730 4843 aggregata
760 4787 898 4845 pura
912 4808 931 4843 ,
970 4786 1066 4826 seu
1111 4786 1280 4826 unum
1311 4787 1409 4842 per
1435 4770 1704 4844 accidens,

1791 2762 1927 2817 nihil
1952 2762 2061 2817 tale
2080 2764 2173 2836 sit,
2204 2766 2263 2819 et
2288 2778 2521 2834 corpora
2540 2759 2650 2816 sint
2674 2776 2824 2815 mera
2846 2760 3238 2834 phaenomena,
3256 2760 3387 2816 sub-

1791 2850 1996 2905 stantia
2033 2849 2279 2921 corporis
2307 2846 2619 2920 quaerenda
2657 2848 2764 2903 erit
2802 2847 2857 2901 in
2890 2847 3023 2902 solis
3058 2848 3389 2919 phaenome-

1791 2937 1893 2992 nis.
1984 2938 2063 2991 At
2110 2954 2221 2993 non
2253 2937 2483 3008 nostris,
2539 2935 2737 3005 quibus
2779 2939 3002 2990 manent
3026 2935 3239 3006 priores
3266 2951 3387 3008 spe-

1791 3025 1931 3096 eies,
1984 3023 2083 3080 sed
2122 3023 2181 3079 in
2218 3023 2288 3078 iis
2314 3038 2456 3094 quae
2484 3021 2660 3076 Menti
2692 3020 2954 3096 Divinae,
3007 3025 3065 3076 et
3091 3021 3161 3078 iis
3188 3022 3389 3092 quibus

1792 3111 1999 3167 revelat
2030 3111 2209 3181 Deus,
2240 3110 2620 3166 obversantur.

1882 3196 2145 3255 Nondum
2173 3197 2379 3253 diseere
2408 3195 2594 3270 potui,
2636 3211 2709 3250 an
2747 3195 2993 3252 recensio
3019 3194 3390 3255 'I'lieodieaeae

1793 3285 1978 3356 aliqua
2007 3286 2208 3342 inserta
2239 3285 2313 3339 sit
2339 3283 2959 3340 cbmmemorationibus
2980 3283 3247 3342 Librariis
3267 3287 3391 3343 Tri-

1797 3373 2069 3428 vultianis.
2158 3371 2214 3427 Si
2266 3372 2400 3444 quid
2438 3388 2503 3427 ea
2544 3371 2613 3428 de
2654 3385 2715 3426 re
2756 3370 3050 3446 intelligis,
3100 3373 3237 3428 doee
3278 3389 3388 3448 me,

1795 3475 2015 3531 quaoeo.
2105 3460 2173 3516 In
2224 3459 2309 3515 his
2361 3459 2474 3515 oris
2527 3474 2628 3514 nee
2664 3459 3215 3516 commemorationes
3264 3461 3393 3518 illae

1794 3547 2202 3620 Trivultianae,
2236 3563 2334 3603 nec
2362 3545 2598 3603 diarium
2628 3545 2937 3602 Par-isinum
2967 3546 3211 3604 habetur.
3287 3549 3393 3605 Sed

1796 3652 1960 3708 spero
2031 3635 2325 3706 aliquando
2339 3673 2356 3707 ,
2428 3635 2709 3690 annitente
2775 3634 3142 3707 Imperatore,
3194 3631 3393 3692 Musas

1794 3723 2130 3780 Viennenses
2156 3711 2323 3794 e'aput
2350 3726 2627 3776 erecturus
2657 3737 2793 3777 esse.

1885 3809 2013 3865 Vidi
2074 3808 2344 3880 quaedam
2406 3807 2690 3876 ingeniosa
2748 3806 3049 3862 admodum
3106 3809 3313 3881 scripta
3356 3824 3393 3866 a

1795 3897 1860 3952 R.
1886 3897 1947 3952 P.
1978 3894 2381 3952 Sacorierio
2422 3893 2813 3950 Mathematieo
2840 3893 3145 3966 Ticinensi,
3188 3911 3261 3950 ex
3290 3896 3393 3950 Or-

1793 3984 1925 4040 dine
1965 3986 2178 4054 vestro,
2234 3982 2291 4036 iu
2333 3982 2509 4038 lucem
2540 3980 2728 4050 editag'
2771 3980 2873 4035 etsi
2902 3981 3203 4036 sententias
3228 3997 3393 4054 quas-

1794 4071 1923 4128 dam
1952 4068 2365 4126 mathematicas
2404 4071 2625 4141 foveat,
2678 4083 2815 4140 quas
2843 4082 2957 4123 non
2997 4069 3226 4124 omnino
3266 4086 3392 4143 pro-

1793 4159 1929 4216 bare
1955 4173 2198 4232 possum.

1881 4247 2057 4320 Opto,
2110 4249 2175 4300 ut
2210 4243 2441 4316 prodeat
2471 4241 2810 4298 Bibliotheca
2852 4243 3067 4296 vestrae
3106 4243 3394 4300 Societatis

1793 4333 2214 4406 Alegambio
2237 4361 2260 4374 -
2282 4328 2803 4388 Sothwelliana
2841 4345 2941 4400 per
2970 4328 3391 4406 Bonannum,

1791 4423 1865 4478 ad
1915 4420 2219 4478 novissima
2278 4424 2531 4491 tempora
2582 4416 2923 4474 continuata.
3014 4415 3193 4474 Valde
3240 4419 3393 4476 enim

1791 4510 1994 4565 vellem
2033 4507 2293 4565 notitiam
2333 4507 2540 4562 babere
2570 4503 2983 4577 praeclarorum
3011 4504 3261 4562 virorum
3287 4509 3391 4563 Or*

1793 4599 1941 4655 dinis
1970 4595 2159 4652 vestri.

1882 4685 1951 4742 R.
1984 4683 2137 4740 Patri
2165 4679 2451 4738 Orbano
2478 4680 2718 4736 inclusas
2748 4677 2895 4734 mitti
2926 4681 3073 4750 peto.

1881 4773 2004 4842 Ego
2030 4786 2120 4826 me
2148 4769 2218 4826 ad
2248 4769 2485 4824 reditum
2516 4783 2669 4841 paro.
2762 4764 2924 4830 Quod
2954 4768 3217 4836 superest,
3248 4765 3389 4838 vale,

119 4875 230 4914 non
269 4875 443 4916 unum
477 4876 576 4931 per
603 4876 682 4916 se.
771 4859 910 4914 Cum
947 4874 1078 4929 ergo
1095 4895 1112 4930 ,
1165 4862 1230 4913 ut
1255 4857 1388 4932 seis,
1444 4874 1558 4914 non
1589 4863 1707 4916 tan-
1792 4858 2264 4916 Reverendissime
2306 4857 2501 4931 Pater,
2554 4859 2615 4914 et
2654 4853 2799 4910 fave.
2888 4851 3107 4907 Dabam
3145 4853 3392 4910 Viennae

119 4951 233 5002 tum
261 4947 522 5019 animam,
551 4947 648 5004 sed
677 4947 848 5002 etiam
873 4945 1082 5001 animal
1109 4945 1334 5002 interire
1363 4961 1586 5018 negem,
1627 4945 1710 5001 di·
1797 4949 1899 5004 23.
1930 4946 2165 5018 Augusti
2202 4945 2275 5001 17
2292 4943 2389 5002 13.
2906 4963 2911 4970 ·

117 5049 236 5090 eain
267 5033 435 5104 igitur
475 5050 576 5093 nse
604 5034 878 5090 vinculum
908 5032 1298 5105 substantiale,
1338 5049 1431 5088 seu
1460 5033 1709 5090 substani-
1755 5078 1762 5102 ,

121 5119 254 5177 tiam
279 5121 524 5194 corperis
553 5119 788 5178 ariimati
815 5121 1140 5179 naturaliter
1171 5120 1330 5194 oriri,
1359 5124 1421 5178 et
1439 5119 1710 5196 occidere,
1755 5119 1765 5197 l

2688 5024 3077 5082 Deditissimus
3178 5103 3193 5114 .

2536 5115 2607 5171 G.
2653 5113 2721 5169 G.
2776 5112 3343 5170 Leibnitius..
