3717 5850
398 320 534 393 ⁴⁰⁶
687 382 722 415 .

1381 330 1614 393 Lxxu.
1705 332 2053 392 Epmm
2096 334 2203 391 AD
2244 332 2717 393 WAGNmuM.

397 474 1766 557 tribuissereectionem,stquesdeoetaetionem.
1803 474 1988 540 Quum
2067 476 2791 535 ειιιιιιοιιιῃὶΕιιιεΙεεΙιὶιιο
2824 475 3157 552 finitivas,
3198 475 3690 551 sumptim-1

397 569 584 640 itaque
625 563 828 637 ubique
879 564 940 619 in
981 562 1212 619 materia
1249 563 1328 619 sit
1363 564 1692 639 principium
1725 563 1985 638 activum,

2064 564 2213 638 cipio
2240 565 2397 621 vitati
2438 564 3193 641 perpeuroadiunctamoese
3225 566 3521 667 quadani
3566 582 3679 623 ιιι·

399 652 1440 727 viderisufficerehocprincipiumad
1479 652 1983 728 operationesbru-
2068 654 2579 729 turnemcbinum,
2618 654 3227 730 quaenobiscorporis
3266 654 3527 727 organici
3566 671 3675 712 no·

399 748 601 818 torum,
625 758 723 798 nec
743 740 854 800 illis
871 741 1304 815 animequedam
1323 741 1680 799 indefectibili
1689 756 1830 815 opus
1847 758 1983 799 esee.

485 831 557 889 11.
623 830 948 904 Respondeo
973 831 1175 905 primo,
1215 832 1542 907 principium
1577 832 1820 889 activum
1870 846 1983 888 non

396 920 565 979 tribui
593 936 630 975 a
657 934 748 975 me
775 920 1037 975 materiae
1063 920 1244 977 nudae
1267 920 1384 976 sive
1409 920 1638 995 prImee,
1665 934 1808 993 quae
1835 936 1984 976 mere

397 1009 615 1084 passiva
641 1014 741 1083 eet,
782 1014 840 1064 et
875 1008 936 1063 in
977 1008 1098 1065 sola
1121 1009 1394 1083 antitypia
1419 1014 1480 1065 et
1501 1009 1828 1066 eittensionc
1853 1024 1981 1066 con·

395 1097 570 1173 sistit3
615 1097 714 1154 sed
741 1098 960 1171 corpori
989 1114 1084 1155 seu
1113 1096 1374 1153 materiae
1401 1098 1632 1155 vestitae
1655 1097 1772 1155 sive
1791 1114 1981 1155 secun·

393 1186 518 1260 dne,
567 1202 708 1259 qnae
756 1190 1038 1259 praeterea
1075 1186 1448 1241 Enteleehiam
1493 1186 1834 1260 primitivam
1880 1202 1979 1243 seu

395 1275 724 1351 principium
763 1274 998 1331 activum
1033 1274 1294 1330 continet.
1361 1274 1684 1349 Respondeo
1721 1274 1977 1349 aemulo,

2069 746 2217 799 mine
2254 742 2431 817 venit,
2484 743 3012 801 liceteamacbina
3022 744 3391 817 etiamqmm
3422 743 3671 813 figuram

2067 833 2583 890 stiumsummstim
2606 837 2915 907 conservat,
2952 833 3015 889 in
3040 834 3195 891 fluxu
3222 833 3515 905 musi-ut,
3543 850 3667 906 per·

2066 926 2338 995 petnoque
2364 926 2665 997 reparetur,
2696 926 2761 979 ut
2786 922 2945 979 navis
2970 921 3237 979 Thesei.
3288 921 3499 994 Neque
3525 921 3669 979 alec

2065 1011 2197 1067 certi
2232 1009 2407 1067 simus
2446 1012 2534 1067 vel
2570 1011 2860 1069 minimam
2898 1010 3161 1067 mter-ise
3196 1011 3259 1067 in
3296 1010 3609 1067 ιιιιινιιιιε
3628 1028 3671 1065 ι

2064 1099 2507 1174 ιιοῑιὶεεοεειιιαε
2544 1099 3437 1173 particulamincorporenostm
3480 1114 3673 1172 snper-

2062 1205 2211 1261 esee,
2266 1188 2394 1246 licet
2439 1189 2609 1247 etiam
2656 1188 2851 1247 eedem
2900 1187 3151 1245 inactum
3198 1186 3438 1245 sub‘ude
3500 1188 3669 1260 pha

2062 1278 2497 1349 transformetur,
2524 1282 2809 1352 angeatur,
2838 1276 3193 1377 mmmmm,
3222 1276 3555 1335 involvatur
3568 1283 3673 1333 aut

393 1365 758 1422 remstentiam
786 1362 1050 1419 mater-ine
1065 1361 1246 1419 nudae
1273 1377 1384 1419 non
1409 1378 1533 1419 esse
1559 1364 1848 1439 actionem,
1880 1362 1980 1420 sed
2058 1365 2361 1423 evolvatur.
2418 1366 2611 1439 ltaque
2647 1382 2761 1423 non
2798 1369 3019 1423 tannim
3038 1364 3231 1423 anima
3256 1368 3341 1423 αι
3378 1366 3669 1439 perennis,

395 1460 606 1511 meram
619 1451 946 1526 passionem,
971 1450 1104 1508 dum
1121 1466 1316 1524 nempe
1337 1451 1504 1509 habet
1521 1452 1979 1529 antitypism,seu

394 1538 988 1615 impenetrabilium,
1016 1554 1128 1613 qus
1143 1538 1366 1612 quidem
1383 1540 1586 1597 resistit
1605 1546 1977 1615 peristi-sture,

394 1630 490 1687 setl
516 1644 632 1685 non
659 1626 978 1703 repercutit,
1021 1627 1132 1685 nisi
1171 1628 1392 1686 accedat
1418 1628 1502 1685 vis
1537 1630 1796 1702 chetim,
1837 1644 1979 1703 quae

391 1732 467 1775 ex
485 1720 663 1790 motu,
691 1715 934 1789 adeoque
963 1720 1021 1775 et
1047 1716 1105 1773 vi
1125 1716 1306 1773 active
1325 1718 1589 1775 materiae
1607 1716 1977 1793 mperndditn,

391 1804 630 1865 derivari
655 1804 834 1863 debet.
902 1805 1228 1881 Respondeo
1265 1805 1456 1865 tertio:
1501 1806 1622 1864 Hoc
1647 1805 1978 1881 principium

389 1894 662 1967 activum,
715 1894 857 1949 hanc
903 1893 1273 1951 Entelecbiam
1318 1894 1580 1968 primam,
1633 1912 1750 1952 esse
1785 1910 1980 1953 revere

351 2056 356 2059 Ι
390 1981 720 2057 principium
739 1980 906 2037 vitale
919 2022 937 2057 ,
975 1982 1143 2039 etium
1171 1982 1506 2057 percipiendi
1533 1984 1792 2041 facultate
1821 2000 1978 2058 prae-

389 2070 572 2129 ditum
585 2110 604 2143 ,
653 2078 711 2127 et
747 2069 1140 2145 indefectibile,
1189 2071 1266 2129 ob
1305 2072 1544 2130 rationes
1571 2072 1780 2134 dudm
1819 2089 1854 2128 a
1887 2088 1979 2129 me

389 2160 666 2235 allegatas.
745 2158 918 2233 quue
965 2160 1144 2234 ipsum
1183 2164 1296 2234 εει,
1347 2160 1496 2234 quod
1545 2160 1606 2218 in
1654 2161 1834 2217 brutis
1874 2178 1978 2235 pro

389 2248 579 2307 anima
605 2250 854 2323 ipsorum
891 2248 1088 2307 habeo.
1154 2248 1346 2323 ltaque
1373 2250 1507 2324 dnm
1543 2248 1746 2323 ubique
1771 2249 1833 2306 in
1864 2266 1977 2305 ιιιιι-

393 2338 537 2395 teria
575 2337 924 2411 superaddita
962 2338 1198 2397 admitto
1248 2338 1516 2413 principia
1549 2339 1758 2414 activa,
1807 2338 1979 2397 etiam

389 2425 596 2498 ubique
621 2442 720 2498 per
745 2440 871 2483 eam
891 2418 1246 2485 disseminata
1263 2430 1448 2485 statuo
1475 2427 1746 2502 principis
1763 2427 1977 2501 vitalia,

389 2528 490 2572 seu
515 2512 888 2587 percipientis,
927 2513 1170 2589 adeoque
1197 2515 1476 2592 monades,
1515 2521 1574 2573 et
1593 2520 1658 2573 ut
1675 2517 1756 2573 sic
1775 2516 1973 2592 dicem,

389 2604 626 2661 Atomos
662 2600 1097 2677 Metapbysicas,
1141 2604 1390 2679 partibus
1425 2610 1698 2680 carentes,
1735 2622 1839 2664 nec
1878 2623 1975 2663 un·

390 2706 560 2766 quam
585 2690 907 2748 naturaliter
932 2692 1166 2749 oriturus
1193 2698 1292 2751 aut
1318 2693 1689 2753 destruendas.

477 2778 575 2836 111.
641 2778 873 2843 Quaeris
900 2780 1096 2838 deinde
1123 2782 1494 2841 definitionem
1529 2782 1746 2841 animae
1774 2798 1975 2842 meam.

389 2866 735 2944 Respondeo,
764 2885 926 2943 posse
945 2870 1190 2928 animam
1217 2872 1360 2929 sumi
1387 2874 1500 2931 late
1519 2878 1576 2930 et
1595 2873 1796 2930 stricte.
1839 2872 1979 2930 Late

388 2957 579 3014 anima
616 2957 765 3014 idem
801 2959 909 3015 erit
947 2960 1094 3032 quod
1135 2960 1250 3018 vita
1287 2977 1383 3019 seu
1419 2962 1748 3038 principium
1790 2961 1975 3038 vitale,

387 3061 588 3122 nempe
625 3045 956 3121 principium
995 3049 1225 3106 actionis
1267 3050 1515 3110 internae
1559 3051 1619 3108 in
1655 3068 1716 3108 re
1742 3051 1977 3126 simplici

389 3151 490 3194 seu
517 3134 752 3192 monade
791 3135 1048 3212 existens,
1087 3138 1175 3196 cui
1211 3140 1361 3197 actio
1400 3145 1630 3198 externa
1666 3139 1975 3214 respondet.

387 3223 548 3298 Isque
572 3239 960 3298 corresponsus
985 3226 1188 3284 interni
1218 3232 1276 3285 ει
1301 3228 1515 3286 externi
1537 3245 1632 3286 seu
1659 3245 1976 3302 repraesen-

390 3313 530 3370 tatio
555 3313 770 3370 externi
799 3313 860 3376 in
879 3315 1116 3390 interno,
1146 3317 1438 3391 compositi
1467 3319 1524 3373 in
1545 3317 1808 3392 simplice,
1837 3318 1978 3376 mul-

391 3400 644 3458 titudinis
672 3401 730 3458 in
759 3403 985 3476 unitate,
1028 3421 1217 3461 revera
1246 3405 1647 3478 perceptionem
1675 3404 1974 3463 constituit.

388 3488 470 3546 At
493 3489 598 3546 hoc
623 3506 785 3547 sensu
813 3492 1000 3547 anima
1027 3509 1138 3548 non
1169 3496 1383 3550 tantum
1412 3494 1758 3568 animumne,
1794 3493 1891 3550 sed
1918 3500 1976 3551 et

389 3577 646 3636 omnibns
663 3579 788 3635 aliis
809 3579 1232 3655 percipientibus
1256 3582 1542 3640 tribuetur.
1571 3583 1767 3640 Stricte
1786 3583 1975 3642 anima

385 3666 621 3724 sumitur
646 3684 748 3742 pro
775 3667 954 3741 specie
980 3669 1128 3726 vitae
1155 3670 1445 3746 nobiliore,
1474 3687 1570 3728 seu
1593 3689 1696 3746 pro
1716 3673 1832 3728 vita
1853 3690 1975 3730 sen-

387 3755 571 3830 sitiva,
608 3755 704 3813 ubi
735 3772 849 3812 non
879 3757 1026 3814 nuda
1047 3763 1132 3814 εει
1162 3759 1389 3816 facultas
1417 3760 1765 3836 percipiendi,
1793 3761 1892 3818 sed
1919 3767 1975 3819 et

385 3848 672 3920 praeterea
699 3845 988 3918 sentiendi,
1031 3849 1251 3920 quando
1287 3863 1486 3924 nempe
1517 3849 1852 3924 perceptioni
1881 3851 1978 3908 ad·

381 3932 630 4008 jungitur
669 3934 901 3990 attentio
937 3940 994 3992 et
1033 3937 1316 3994 memoria.
1381 3939 1855 4004 Quemadmodum
1896 3939 1975 3995 vi·-

384 4022 570 4080 cissim
612 4037 766 4078 mens
809 4026 895 4079 εει
933 4025 1140 4096 species
1187 4027 1408 4084 animae
1455 4027 1726 4101 nobilior,
1773 4045 1975 4102 nempe

387 4128 542 4168 mens
569 4115 652 4167 est
687 4111 878 4167 anima
903 4114 1206 4190 rationalis,
1246 4115 1340 4171 ubi
1369 4115 1611 4171 sensioni
1651 4117 1859 4174 aceedit
1884 4134 1973 4173 ra-

387 4200 466 4256 tio
493 4215 593 4256 seu
619 4201 976 4274 consequutio
1003 4219 1076 4260 ex
1105 4203 1512 4260 universalitate
1539 4204 1848 4260 veritatum.
1896 4205 1974 4262 Ut

383 4305 516 4363 ergo
545 4304 700 4345 mens
729 4293 816 4346 εει
855 4290 1042 4348 anima
1072 4291 1377 4364 rationalia,
1424 4291 1502 4346 ita
1529 4292 1718 4348 anima
1743 4295 1830 4348 εει
1857 4294 1971 4350 vita

383 4377 658 4450 sensitiva,
687 4382 745 4434 ει
767 4379 880 4435 vita
901 4384 986 4435 εει
1007 4378 1332 4453 principium
1358 4373 1742 4453 perceptivnm.
1775 4381 1970 4439 Osten-

381 4465 440 4525 di
495 4471 682 4524 autem
733 4466 1000 4540 exemplis
1062 4471 1120 4524 et
1183 4467 1520 4542 rationibus,
1587 4487 1698 4526 non
1746 4487 1973 4530 omnem

381 4554 788 4631 perceptionem
815 4571 936 4610 esse
957 4556 1284 4630 sensionem,
1314 4557 1408 4612 sed
1431 4557 1550 4614 dari
1569 4553 1972 4633 perceptionem

381 4645 552 4702 etiam
595 4643 1010 4700 insensibilium.
1091 4646 1194 4701 Ex.
1233 4662 1313 4716 gr.
1359 4663 1470 4703 non
1516 4665 1732 4720 possem
1770 4649 1973 4707 sentire

381 4733 575 4806 viride,
604 4733 711 4789 nisi
743 4729 1074 4806 perciperem
1095 4735 1404 4792 caeruleum
1423 4741 1481 4792 et
1500 4739 1722 4812 flavum,
1753 4755 1826 4794 ex
1855 4738 1973 4810 qui-

379 4819 496 4880 bus'
515 4823 758 4878 resultat.
803 4821 1030 4876 Interim
1057 4824 1362 4881 caeruleum
1391 4829 1448 4880 et
1474 4826 1678 4882 flavum
1705 4843 1820 4884 non
1847 4844 1971 4884 sen·

379 4910 481 4983 tio,
511 4911 620 4967 nisi
647 4911 790 4965 forte
817 4901 1232 4984 mic‘rosecpium
1259 4913 1599 4971 adhibeatur.

467 4999 566 5056 Ν.
631 4997 952 5056 memineris
989 5004 1172 5056 autem
1185 5043 1203 5076 ,
1251 5019 1324 5058 ex
1365 5003 1635 5059 sententis
1660 5019 1818 5078 mea,
1857 5018 1971 5062 non

381 5093 596 5146 tantum
619 5102 811 5144 omnes
821 5087 994 5162 Vitas,
1025 5105 1215 5146 omnes
1236 5091 1488 5164 Animas,
1518 5107 1712 5148 omnes
1733 5092 1969 5166 Mentes,

381 5189 573 5234 omnes
621 5177 960 5236 Entelechias
1009 5178 1320 5254 primitivas
1365 5196 1484 5238 esse
1533 5197 1822 5258 perennes,
1872 5182 1971 5240 sed

2058 1454 3363 1529 sedetiamaliquodsnimnlsempoesupcrest,
3404 1454 3665 1511 euicer-

2062 1546 2183 1601 tum
2211 1542 2435 1615 aliquod
2472 1543 2679 1599 antima!
2718 1560 2957 1617 perenne
2992 1542 3103 1600 diu·
3128 1559 3245 1599 non
3270 1542 3501 1617 debat,
3526 1542 3663 1617 qu'n

2061 1630 2269 1705 species
2296 1630 2551 1687 ιιιιιιιιιΙιε
2579 1648 2693 1689 ιιοιι
2720 1638 2941 1707 menet3
2984 1631 3457 1705 quenadmodum
3494 1648 3663 1689 ειιιει

2062 1719 3661 1793 etp-pilioidmarnmlnmoeuetsiesdfflsit

2060 1808 2250 1865 anima
2276 1808 2337 1863 in
2364 1812 2615 1883 utroque
2678 1810 2865 1867 Habet
2888 1810 3059 1882 igitur
3082 1809 3189 1867 hoc
3212 1810 3395 1867 omnis
3420 1816 3665 1868 naturae

2062 1896 2344 1972 machine,
2385 1900 2763 1973 utnusquam
2802 1897 3463 1973 strumonem-ibib,
3510 1913 3661 1955 αιιιι

2060 2002 2242 2043 masso
2280 1990 2597 2055 tegummto
2639 1994 2911 2061 utcunque
2944 1986 3213 2061 dinnpsto
3224 2026 3244 2061 ,
3278 2002 3483 2061 suuper·
3520 2003 3653 2043 ma-

2060 2074 2277 2132 chinula
2322 2072 2573 2133 nondum
2620 2074 2895 2133 desta-uem
2936 2076 3137 2149 subit,
3186 2077 3361 2133 iustu
3402 2077 3655 2133 vestium

2066 2162 2435 2237 Arlequini
2460 2162 2677 2239 comici,
2702 2164 2793 2221 eui
2820 2169 2945 2238 post
2970 2166 3175 2223 multas
3198 2164 3409 2223 musas
3432 2168 3651 2241 exutas,

2064 2266 2281 2327 semper
2318 2251 2667 2311 adhucnovn
2706 2258 3004 2327 supererat.
3048 2252 3647 2319 Qucdeominmnu'-

2062 2340 2497 2415 rsridebemusz,
2538 2342 2669 2414 quia
2706 2342 3555 2417 mtumubiqueorgnniesest,
3590 2350 3647 2399 et

2062 2429 3535 2505 anpimfflmommadoertoeflnoeordinnts,
3564 2433 3644 2489 ni-

2062 2518 2243 2591 hilque
2278 2518 2339 2575 in
2376 2520 3311 2593 natureincdtumcenseridebet,
3348 2520 3647 2577 etsiintm-

2060 2608 2197 2664 dum
2220 2623 2338 2665 non
2363 2607 2469 2665 nisi
2496 2608 2649 2665 rudis
2676 2608 3344 2667 macariana-sibus
3370 2614 3649 2683 appetat.

2060 2698 2147 2753 lta
2184 2696 2351 2769 igitur
2388 2697 2605 2755 enimn
2642 2714 2835 2755 omnes
2868 2698 3246 2771 difficultates,
3284 2712 3435 2771 quae
3460 2715 3647 2755 exm-

2062 2789 2189 2843 tura
2236 2785 2457 2843 animae
2494 2802 2715 2860 prorsus
2762 2787 2836 2844 ab
2878 2786 3033 2843 omni
3082 2787 3319 2845 materia
3364 2794 3649 2860 separatae

2061 2879 2377 2948 nascimtur,
2417 2874 2498 2932 its
2524 2878 2588 2932 ut
2612 2892 2804 2934 revera
2826 2876 3017 2934 anima
3042 2875 3321 2933 animalve
3354 2881 3488 2933 ante
3510 2876 3649 2934 nati-

2062 2964 2289 3022 vitatem
2323 2968 2423 3021 aut
2461 2969 2589 3038 post
2612 2970 2850 3022 mortem
2878 2966 2953 3023 ab
2980 2966 3167 3022 anima
3192 2969 3291 3022 aut
3308 2965 3537 3022 animli
3568 2967 3645 3022 vi-

2061 3059 2178 3110 tem
2206 3057 2547 3128 praesentem
2583 3054 2821 3130 vivente,
2862 3071 2976 3112 non
3014 3054 3119 3112 nisi
3148 3070 3336 3112 rerum
3373 3054 3571 3112 habim
3594 3062 3648 3112 et

2061 3141 2453 3216 perfectionum
2481 3143 2757 3219 gradibus,
2785 3160 2897 3202 non
2920 3159 3051 3202 vcro
3078 3148 3201 3201 toto
3220 3143 3435 3200 entium
3450 3161 3643 3217 genere

2060 3231 2299 3288 differat.
2378 3230 2641 3303 Idemque
2676 3233 2746 3289 de
2786 3233 2975 3290 Geniis
3010 3233 3218 3306 sentio,
3268 3248 3391 3289 esse
3440 3239 3647 3291 martes

2058 3333 2288 3394 corpore
2328 3319 2487 3375 valde
2525 3327 2867 3396 penetrante,
2916 3327 2974 3378 et
3012 3322 3083 3379 ud
3098 3321 3463 3396 ·operandum
3494 3329 3645 3398 apto,

2060 3407 2364 3482 praeditas:
2394 3409 2543 3482 quod
2573 3411 2805 3468 fortusse
2832 3428 2935 3484 pro
2956 3411 3137 3469 lubitu
3162 3415 3381 3468 mutare
3402 3419 3645 3486 possunt,

2060 3497 2205 3554 unde
2231 3497 2403 3552 etiam
2442 3498 2703 3554 mimalia
2732 3499 2997 3574 appellari
3040 3516 3147 3556 non
3178 3503 3477 3557 merentur.
3546 3503 3645 3558 Ita·

2059 3601 2167 3658 quc
2205 3586 2393 3642 omnia
2429 3585 2489 3642 in
2530 3591 2725 3644 natura
2762 3593 2891 3646 sunt
2926 3587 3239 3662 analogica,
3278 3595 3339 3644 et
3376 3589 3543 3647 facile
3582 3607 3647 3647 ει

2060 3675 2255 3731 crassis
2282 3675 2505 3734 subtilia
2534 3675 2761 3748 intelligi
2790 3681 3045 3752 possunt,
3086 3691 3258 3750 quum
3296 3681 3537 3750 utraque
3564 3697 3645 3736 eo-

2060 3763 2189 3820 dem
2228 3763 2395 3821 modo
2422 3781 2481 3819 se
2514 3765 2771 3836 habeant.
2834 3767 2993 3823 Solus
3032 3766 3181 3821 Deus
3220 3767 3538 3824 substantia
3573 3774 3649 3825 est

2060 3869 2185 3910 vere
2211 3869 2247 3909 a
2276 3853 2509 3910 materia
2534 3858 2801 3928 seperate,
2828 3871 2998 3927 quum
3020 3855 3093 3910 sit
3112 3859 3269 3912 actus
3284 3873 3477 3932 ιιιιι-ιιε,
3507 3861 3647 3916 nulla

2059 3939 2302 4014 patiendi
2357 3942 2603 4016 potentia
2644 3943 2916 4016 praeditus
2930 3985 2947 4016 ,
2998 3959 3137 4016 quae
3184 3943 3501 4019 ubicunque
3552 3953 3645 4020 eet,

2060 4031 2345 4088 materiam
2388 4031 2691 4086 constituit.
2779 4031 2850 4089 Et
2888 4050 3022 4090 vero
3072 4049 3265 4090 omnes
3314 4036 3646 4093 substantiae

2058 4121 2271 4176 creatae
2280 4119 2482 4176 babent
2490 4119 2840 4195 antitypism,
2854 4139 2953 4196 per
2962 4137 3132 4195 quam
3152 4122 3215 4178 fit
3232 4125 3645 4196 naturaliter,ut

2059 4223 2167 4264 unu
2186 4209 2258 4263 sit
2275 4212 2435 4264 extra
2452 4209 2704 4282 alteram,
2716 4209 2963 4284 adeoque
2985 4211 3293 4284 penetratio
3312 4213 3645 4272 excludatur.

2145 4296 2213 4350 V.
2282 4295 2397 4352 Etsi
2424 4300 2609 4353 autem
2640 4297 2906 4377 principia
2936 4315 3060 4356 mea
3080 4299 3191 4356 sint
3217 4301 3636 4375 gener-ulimima,

2056 4401 2157 4440 nec
2186 4384 2367 4440 minus
2396 4385 2454 4440 in
2484 4386 2705 4442 homine
2724 4405 2893 4460 quam
2912 4389 2971 4446 in
2993 4388 3167 4445 brutis
3187 4389 3364 4446 locum
3382 4391 3639 4463 labeant,

2058 4473 2282 4530 mirifice
2321 4478 2509 4530 tamen
2562 4491 2691 4547 prae
2740 4477 2919 4534 brutis
2968 4477 3177 4534 eminet
3227 4478 3419 4550 homo,
3472 4485 3530 4538 et
3568 4480 3642 4536 ad

2056 4561 2263 4618 Genios
2285 4563 2511 4636 accedit,
2542 4564 2673 4636 quia
2690 4566 2765 4623 ob
2788 4566 3018 4624 rationis
3040 4581 3205 4624 usum
3226 4569 3503 4626 εοειειιιιε
3520 4585 3641 4625 cum

2057 4651 2195 4722 Deo,
2222 4653 2388 4723 atque
2416 4651 2556 4709 adeo
2582 4656 2815 4726 praemii
2836 4659 2893 4711 et
2914 4673 3123 4730 poenae
3152 4656 3213 4712 in
3232 4657 3425 4714 divina
3454 4659 3637 4732 guber-

2056 4739 2283 4796 natione
2320 4746 2406 4796 est
2444 4757 2641 4816 capax.
2718 4745 2909 4816 ltaque
2956 4761 3065 4802 non
3116 4749 3337 4802 tantum
3378 4749 3550 4804 vitam
3584 4751 3639 4802 et

2055 4829 2321 4903 mimum,
2350 4833 2417 4887 ut
2441 4829 2621 4902 bruta,
2652 4833 2749 4890 sed
2786 4839 2845 4890 et
2870 4834 3263 4892 conscientium
3290 4835 3399 4908 sui,
3438 4843 3498 4894 et
3533 4853 3637 4892 me-

2058 4917 2295 4974 moriam
2334 4919 2553 4991 pristini
2582 4924 2786 4994 status,
2826 4927 2883 4980 et
2910 4927 2975 4980 ut
3004 4924 3173 4980 verbo
3196 4923 3417 4998 dicam,
3464 4943 3639 4999 perso-

2054 5023 2185 5063 nam
2215 5011 2411 5064 servat.
2480 5007 2593 5063 Nec
2620 5013 2831 5068 tantum
2860 5011 3102 5086 physice,
3137 5012 3236 5068 ‘sed
3262 5013 3435 5070 etiam
3464 5031 3637 5070 mors-

2052 5095 2180 5151 liter
2206 5100 2293 5152 est
2318 5096 2675 5154 immortalis:
2720 5100 2865 5158 unde
2888 5101 3083 5158 stricto
3107 5117 3277 5160 sensu
3302 5103 3412 5160 soli
3440 5104 3635 5162 Ηιιιιιι·

2050 5199 2157 5242 ιιιιε
2184 5183 2419 5244 Annae
2448 5185 2838 5250 immortalitas
2862 5189 3137 5250 tribuitur.
3180 5191 3329 5252 Nam
3344 5193 3461 5252 nisi
3486 5193 3637 5252 sciret
