3717 5850
342 315 427 382 VO
1289 323 1355 380 V.
1407 322 1513 380 DE
1546 322 1753 381 STILO
1793 323 2320 382 PHILOSOPHICO
2357 323 2649 400 NIZom.

336 466 681 526 subtilissimi
705 464 989 554 eujusdam
1009 463 1319 540 Philosophi
1340 464 1655 539 sententias,
1676 465 1920 539 fugiente

340 557 501 616 oculo
526 557 712 628 lectas,
740 571 859 612 non
883 555 1019 611 satis
1046 554 1293 626 assequi}
1320 554 1417 626 qui
1444 554 1616 611 credit
1643 555 1919 611 Aristo-

340 647 553 703 telem
614 644 677 700 in
722 645 871 701 :veris
918 644 1032 702 suis
1080 643 1339 716 operibus
1385 643 1566 702 Deum
1618 644 1922 717 appellasse

340 731 603 806 Καΰμα
636 719 953 804 οὐρανοῦ,
977 733 1230 788 ardorem
1257 731 1414 803 coeli,
1438 749 1544 788 nae
1564 732 1613 786 is
1643 732 1921 788 Aristo-

342 823 548 880 telem
577 825 791 878 fatuum
828 825 1015 894 putat,
1044 825 1103 878 et
1129 836 1299 893 quum
1336 821 1639 894 sapientem
1676 825 1733 877 et
1768 822 1924 893 inge-

334 913 561 969 niosum
588 911 902 982 habeamus,
933 926 1033 982 per
1069 909 1185 965 vim
1224 908 1385 966 nobis
1423 912 1675 982 ineptum
1702 912 1760 964 et
1786 909 1924 965 stul·

340 1007 463 1058 tum
490 999 752 1056 obtrudit.
824 997 1046 1055 Novum
1072 999 1176 1054 hoe
1202 997 1433 1054 criticae
1458 996 1595 1052 artis
1623 1014 1791 1070 genus
1818 999 1920 1070 est,

340 1091 404 1146 in
429 1086 809 1161 dignoscendis
834 1087 1055 1161 scriptis
1074 1085 1281 1142 autoris
1308 1085 1555 1141 omnium
1582 1085 1923 1142 confessione

340 1176 639 1251 ingeniosi,
680 1175 947 1249 quaedam
985 1191 1087 1250 pro
1122 1173 1482 1249 supposititiis
1520 1175 1747 1248 habere,
1792 1174 1924 1248 quia

341 1267 571 1324 stultum
598 1264 807 1336 aliquid
832 1264 1013 1320 autori
1049 1280 1086 1319 a
1110 1263 1575 1320 conviciatoribus
1602 1263 1925 1337 impositum

344 1357 503 1427 (nam
530 1370 633 1410 nec
658 1353 897 1410 Cicero
934 1351 1043 1408 nisi
1080 1352 1189 1408 alia
1226 1351 1335 1408 sibi
1373 1367 1607 1424 persona
1644 1352 1928 1408 Aristo-

342 1444 475 1502 teli
502 1443 691 1515 iniqua
719 1439 977 1515 imposita
1014 1441 1147 1497 haec
1172 1437 1446 1512 loquitur)
1488 1439 1550 1496 in
1588 1440 1660 1496 iis
1686 1457 1804 1498 11011
1840 1457 1926 1496 re-

340 1532 568 1608 peritur.
594 1571 611 1606 .·
654 1529 793 1585 Mihi
830 1529 1165 1602 genuitatem
1191 1545 1419 1602 operum
1446 1527 1921 1601 Aristoteleorum,

342 1620 600 1694 quiequid
639 1617 827 1675 dioent
862 1617 1009 1674 Joh.
1046 1617 1394 1674 Francisc.
1434 1618 1637 1674 Picus
1676 1618 1737 1672 in
1776 1618 1928 1673 Exa-

342 1709 495 1765 mine
521 1705 793 1764 Vanitatis
820 1706 1102 1762 doctrinae
1130 1705 1392 1778 gentium,
1426 1705 1682 1778 quicquid
1710 1705 1924 1762 Nizo-

344 1797 511 1871 liuS,
566 1795 825 1869 quicquid
866 1795 1117 1851 Petrus
1154 1794 1431 1866 Ramus,
1482 1794 1741 1866 quiequid
1798 1795 1926 1850 Pa·

343 1887 621 1957 triciuS,
652 1883 910 1957 quiequid
938 1883 999 1938 in
1029 1883 1301 1956 Apologia
1329 1897 1653 1954 magnorum
1679 1883 1926 1940 virorum

342 1975 565 2046 Magiae
602 1977 993 2045 suspectorum,
1012 1971 1109 2027 ubi
1138 1975 1197 2026 et
1215 1971 1358 2026 hunc
1378 1970 1693 2028 Nizolius
1720 1972 1927 2029 librum

344 2061 506 2133 citat,
547 2061 939 2132 NaudaeuS,
982 2059 1117 2116 satis
1165 2075 1433 2134 superque
1468 2060 1757 2132 persuadet
1806 2077 1928 2133 per-

344 2153 529 2225 specta
564 2149 945 2222 hypothesium
975 2147 1119 2204 inter
1159 2165 1219 2204 se
1256 2149 1559 2220 harmonia,
1589 2154 1647 2206 et
1684 2148 1930 2222 aequalis

346 2239 550 2311 ubique
570 2237 856 2293 methodus
874 2237 1249 2294 velocissimae
1276 2237 1613 2294 subtilitatis.

434 2326 658 2383 XXXI.
700 2324 917 2381 Ultimo
956 2325 1079 2382 loco
1106 2325 1287 2398 gravis
1314 2325 1512 2398 aliquis
1538 2342 1693 2382 error
1719 2324 1931 2381 Nizo-

320 2423 323 2428 “
348 2415 434 2472 111
461 2415 605 2471 cirea
632 2413 1023 2472 universalium
1050 2417 1306 2470 natm-am
1334 2413 1663 2470 dissimulari
1692 2429 1808 2469 non
1836 2413 1930 2468 de-

347 2503 470 2576 bet3
500 2506 682 2576 potest
707 2503 858 2559 enim
885 2503 1143 2560 lectorem
1181 2519 1296 2558 non
1322 2502 1456 2560 satis
1483 2505 1705 2558 cautum
1731 2519 1767 2558 a
1793 2517 1934 2558 vero

348 2590 765 2666 philosophandi
792 2591 1013 2648 tramite
1039 2591 1255 2664 penitus
1272 2591 1557 2647 abducere.
1599 2589 1932 2647 Persuadere

348 2684 581 2738 conatur
625 2680 815 2752 nobis,
867 2679 1173 2736 universale
1214 2678 1352 2734 nihil
1398 2679 1548 2735 aliud
1598 2695 1715 2735 esse
1761 2693 1932 2751 quam

349 2769 539 2825 omnia
564 2767 863 2840 singularia
897 2768 1178 2826 collective
1214 2767 1379 2824 simul
1416 2771 1623 2840 sumta3
1664 2771 1723 2823 et
1759 2783 1930 2841 quum

350 2857 503 2915 dico:
547 2857 729 2914 omnis
756 2858 923 2914 homo
952 2861 1035 2914 aet
1062 2857 1289 2930 animal,
1320 2872 1536 2912 sensum
1565 2873 1708 2914 esse:
1738 2873 1931 2913 omnes

348 2946 597 3005 homines
624 2949 755 3002 sunt
779 2947 1060 3004 animalia.
1108 2947 1229 3004 Hoc
1256 2945 1475 3019 quidem
1505 2963 1649 3020 vere,
1680 2946 1777 3002 sed
1804 2946 1933 3002 hinc

348 3053 465 3093 nou
506 3035 777 3109 sequitur:
820 3036 1151 3092 universalia
1191 3052 1308 3093 esse
1348 3040 1529 3091 totum
1569 3035 1930 3091 collectivum.

350 3125 429 3184 At
455 3125 655 3199 probat
675 3124 948 3181 Nizolius:
978 3126 1157 3181 Omne
1175 3129 1357 3181 totum
1384 3128 1470 3180 est
1494 3128 1593 3180 aut
1609 3123 1932 3184 continuum

348 3218 449 3271 aut
488 3213 795 3269 dista-etum.
880 3213 1201 3269 Universale
1236 3217 1421 3270 autem
1457 3215 1542 3267 est
1579 3216 1776 3285 totum,
1814 3227 1933 3269 non

350 3302 673 3359 continuum
710 3317 860 3373 vere,
902 3301 1194 3357 discretum
1232 3302 1413 3373 igitur.
1500 3300 1705 3356 Totum
1748 3304 1934 3358 autem

352 3390 646 3447 discretum
674 3393 757 3445 oet
784 3389 1145 3461 collectivum,
1176 3395 1234 3446 et
1260 3390 1453 3445 eadem
1481 3394 1565 3446 est
1602 3389 1750 3445 ratio
1775 3406 1934 3461 gene-

350 3479 428 3537 ris
454 3478 755 3549 hominum,
786 3492 927 3550 quae
968 3477 1162 3551 gregis·
1252 3478 1325 3533 Et
1364 3494 1465 3550 par
1492 3481 1577 3533 est
1602 3478 1745 3535 ratio
1773 3476 1934 3547 hujus

350 3566 761 3642 propositionis,
791 3566 973 3624 omnis
998 3568 1163 3623 homo
1193 3566 1318 3636 (seu
1344 3570 1523 3622 totum
1552 3584 1720 3638 genus
1744 3566 1936 3622 huma-

352 3658 521 3728 num)
562 3661 645 3712 oet
680 3655 994 3729 rationalis,
1046 3670 1187 3728 quae
1223 3654 1408 3727 hujus:
1466 3670 1657 3712 omnes
1704 3655 1936 3731 pecudes

352 3762 493 3819 quae
519 3745 607 3801 hic
643 3749 939 3817 mscuntur
978 3749 1111 3800 sunt
1149 3745 1324 3817 albae,
1364 3744 1455 3799 vel
1492 3748 1641 3800 totus
1678 3760 1813 3816 grex
1853 3746 1938 3799 est

352 3836 525 3892 albus.
594 3834 672 3889 At
700 3850 866 3908 erraS,
898 3833 1023 3889 Niz
1037 3832 1168 3903 oli3
1210 3834 1373 3889 datur
1400 3833 1551 3889 enim
1578 3832 1731 3889 aliud
1768 3832 1938 3888 totius

354 3922 573 3979 disereti
601 3939 769 3996 genus
796 3928 1012 3996 praeter
1037 3921 1395 3995 collectivum,
1426 3922 1715 3978 nimirum:
1758 3920 1939 3978 distri-

352 4012 622 4067 butivum.
711 4011 895 4075 Quum
931 4010 1103 4083 igitur
1144 4009 1409 4066 dicimus·
1450 4010 1631 4065 omnis
1658 4010 1825 4065 homo
1854 4012 1940 4065 est

354 4099 583 4171 animal,
622 4115 719 4154 seu
758 4116 948 4155 omnes
974 4098 1225 4154 homines
1264 4104 1393 4153 sunt
1428 4098 1709 4169 animalia,
1750 4114 1940 4153 sensus

356 4192 439 4243 cst
464 4186 867 4279 distributivuS,
901 4185 1019 4242 sive
1056 4186 1233 4257 illum,
1267 4186 1623 4259 (Titium)
1652 4186 1768 4241 sive
1795 4186 1939 4241 hunc

355 4258 669 4351 (Cajum)
700 4280 803 4332 etc.
832 4275 1107 4346 sumseris,
1138 4275 1388 4348 reperies,
1420 4290 1539 4329 esse
1576 4273 1801 4346 animal,
1842 4290 1937 4331 seu

354 4365 571 4421 sentire.
662 4362 711 4417 Ε
710 4366 735 4417 t
782 4363 829 4419 si
866 4362 1159 4419 Nizoliano
1196 4378 1351 4419 more
1402 4363 1583 4419 omnis
1614 4363 1801 4435 homo,
1843 4379 1938 4418 seu

357 4470 548 4511 omnes
591 4452 840 4509 homines
890 4455 1021 4507 sunt
1068 4454 1249 4507 totum
1296 4449 1655 4524 collectivum,
1697 4456 1754 4507 et
1790 4452 1940 4507 idem

356 4542 505 4617 quod
532 4544 713 4598 totum
741 4556 911 4615 genus
938 4541 1254 4612 humanum,
1292 4544 1545 4611 sequetur
1584 4540 1821 4598 absurda
1859 4540 1942 4597 lo·

356 4630 571 4705 quntiO.
658 4629 805 4686 Nam
844 4629 895 4685 si
921 4629 1113 4686 eadem
1151 4633 1297 4702 sunt,
1338 4644 1440 4701 age
1468 4629 1529 4685 in
1564 4628 1942 4705 propositione

358 4720 493 4777 ista:
540 4719 721 4775 omnis
756 4720 925 4776 homo
952 4722 1035 4775 est
1074 4717 1302 4791 animal,
1333 4719 1417 4774 vel
1460 4735 1652 4775 onmes
1689 4718 1941 4775 hominoe

358 4812 488 4865 sunt
514 4806 794 4882 animalia,
824 4808 1216 4864 substituamus
1237 4812 1413 4863 totum
1435 4824 1602 4880 genus
1622 4809 1940 4881 humanum,

358 4898 569 4956 orietur
574 4897 705 4954 haec
715 4896 1033 4972 propositio,
1046 4896 1170 4970 plus
1180 4912 1347 4969 quam
1356 4897 1568 4971 inepta:
1582 4900 1763 4953 totum
1770 4912 1942 4970 genus

359 4987 659 5044 humanum
671 4988 755 5041 aet
764 4985 971 5042 animal
982 5004 999 5059 τ,
1010 4986 1263 5043 similiter
1274 4986 1343 5041 de
1352 4988 1601 5059 gregeest
1608 4985 1912 5059 propositio
1925 5004 1942 5040 1

360 5092 551 5133 omnes
578 5074 828 5149 pecudes,
869 5090 1011 5147 quae
1036 5076 1126 5131 hie
1152 5079 1464 5148 pascuntur,
1502 5091 1599 5131 seu
1637 5074 1945 5131 universale

362 5166 437 5223 ab
473 5164 544 5223 iis
567 5165 901 5223 abstractum
912 5204 931 5239 ,
952 5163 1099 5223 idem
1118 5168 1205 5222 est
1222 5180 1349 5223 eum
1368 5168 1491 5221 toto
1511 5179 1585 5225 ex
1604 5163 1677 5222 iis
1696 5164 1942 5238 collecto,

2019 483 2196 540 grege,
2219 467 2284 522 ut
2303 466 2424 523 vult
2441 465 2796 538 Nizolius3
2823 481 2956 522 vera
2981 465 3248 522 erithace
3268 465 3588 540 propositio:

2018 559 2168 612 totus
2197 571 2332 627 grex
2357 561 2442 612 est
2469 555 2608 628 ovis,
2637 555 2728 611 vel
2755 555 2954 610 saltem
2981 553 3030 610 si
3069 569 3378 610 secem-rere
3415 553 3466 610 ei
3501 571 3594 610 ve·-

2017 645 2116 700 lis:
2157 647 2308 699 totus
2346 659 2482 716 grex
2524 647 2609 699 est
2645 660 2802 716 oves,
2842 643 2991 716 quod
3027 642 3208 716 ipsum
3245 647 3432 698 tannen
3464 643 3596 698 satis

2018 749 2146 789 vere
2184 748 2301 789 non
2339 732 2554 790 dicitur.
2639 733 2745 790 Sed
2783 737 2840 787 et
2879 731 3030 788 aliud
3067 732 3384 804 exemplum
3419 731 3596 786 minus

2019 825 2296 895 postremo
2331 821 2536 894 effugio
2575 821 2928 877 commodum
2965 819 3275 890 videamus3
3305 820 3418 876 ICti
3454 825 3594 876 vete·

2019 927 2106 966 res
2133 925 2272 981 quos
2299 908 2383 966 Ni
2397 926 2475 965 zo
2489 909 2587 964 liu
2601 925 2628 964 s
2667 909 2866 982 opinor
2893 925 3010 965 non
3034 908 3257 982 negavit
3293 909 3486 964 latine
3523 907 3600 962 si-

2021 999 2140 1054 mul
2173 1002 2232 1054 et
2271 1001 2519 1054 accurate
2557 999 2831 1071 loquutus,
2872 1013 3042 1069 genus
3069 997 3310 1069 legatum
3335 997 3504 1069 aiunt,
3543 997 3602 1052 si

2021 1087 2144 1160 quis
2171 1088 2250 1143 sic
2277 1088 2444 1160 leget:
2487 1087 2686 1144 'l'itio
2721 1102 2924 1160 equum
2951 1101 3136 1142 meum
3165 1085 3240 1142 do
3272 1086 3408 1158 lego.
3469 1086 3604 1140 Jam

2023 1175 2285 1232 Nizolii
2325 1191 2514 1248 sensu,
2553 1191 2723 1248 quum
2762 1189 2932 1248 genus
2957 1174 3032 1229 sit
3059 1177 3240 1230 totum
3265 1190 3340 1230 ex
3367 1173 3604 1245 singula-

2023 1265 2176 1322 ribus
2223 1263 2530 1337 eollectum,
2579 1265 2687 1320 erit
2721 1264 2872 1320 idem
2911 1279 2978 1319 ae
3015 1261 3064 1316 si
3103 1262 3364 1318 ‹lixioeett
3408 1262 3604 1318 Titio

2025 1369 2216 1411 omnes
2243 1368 2412 1424 equos
2439 1369 2591 1408 meos
2619 1352 2693 1409 do
2721 1351 3158 1425 lego..Eg1-egio,
3195 1351 3246 1406 si
3274 1349 3386 1408 diis,
3407 1350 3602 1424 placet,

2016 1441 2477 1514 jurisprudentiae
2503 1441 2817 1514 specimine.
2907 1441 3128 1511 Genua,
3157 1439 3452 1496 substituto
3481 1443 3606 1494 toto
3681 1476 3690 1486 a

2023 1529 2390 1602 distributive,
2423 1530 2590 1603 plana
2615 1547 2702 1586 res
2731 1534 2833 1603 est,
2858 1545 3048 1584 sensus
3073 1527 3224 1584 enim
3249 1526 3382 1584 erit:
3412 1528 3608 1584 Titio

2023 1619 2180 1674 illum
2191 1622 2288 1674 aut
2308 1618 2464 1674 illum
2473 1633 2676 1690 equum
2685 1618 2909 1692 delego.
2940 1617 3225 1674 Addamus
3247 1616 3604 1690 hocquoque:

2024 1724 2148 1765 cum
2177 1707 2302 1764 dico
2330 1707 2511 1764 omnis
2538 1707 2706 1763 homo
2734 1711 2818 1762 est
2845 1705 3070 1778 animal,
3110 1706 3158 1762 si
3187 1717 3356 1780 genus
3387 1705 3455 1762 de
3483 1723 3610 1778 spe-

2023 1797 2107 1853 cie
2136 1795 2360 1870 dicitur,
2403 1799 2461 1852 et
2499 1812 2666 1868 genus
2703 1799 2786 1850 est
2823 1794 3147 1868 universale,
3190 1794 3494 1852 universale
3521 1800 3612 1848 to-

2027 1890 2145 1942 tum
2171 1901 2340 1957 genus
2368 1901 2442 1940 ex
2472 1883 2835 1956 singularibus
2872 1883 3176 1957 collectum,
3215 1883 3613 1938 substituamus

2028 1973 2150 2030 voci
2169 1972 2426 2031 animalis
2455 1972 2642 2030 omnia
2669 1971 2932 2028 animalia
2959 1972 3125 2028 simul
3151 1975 3362 2043 sumta,
3400 1970 3614 2027 orietur

2027 2064 2159 2120 haec
2194 2061 2527 2135 propositio:
2567 2061 2753 2118 Homo
2792 2065 2876 2116 aet
2915 2061 3104 2118 omnia
3141 2058 3404 2116 animalia
3440 2059 3612 2114 simul

2029 2156 2225 2207 sumta.
2313 2150 2496 2216 Quum
2535 2149 2778 2206 sufficiat
2803 2149 3015 2206 homini
3041 2166 3158 2206 esse
3185 2148 3462 2222 quoddam
3488 2148 3615 2204 ani-

2030 2241 2160 2312 mal,
2190 2255 2284 2294 seu
2315 2237 2538 2311 aliquod
2565 2254 2638 2294 ex
2664 2238 2920 2294 universo
2948 2237 3274 2294 animalium
3301 2253 3508 2309 genere.

2117 2327 2370 2385 XXXII.
2415 2327 2531 2384 Nec
2569 2343 2702 2383 vero
2731 2344 2883 2384 error
2909 2326 2998 2384 bic
3025 2323 3290 2382 Nizolii
3333 2325 3466 2382 levis
3507 2330 3614 2396 est,

2031 2417 2195 2474 habet
2249 2415 2398 2472 enim
2427 2433 2688 2490 magnum
2727 2414 2938 2490 aliquid
2977 2415 3038 2470 in
3085 2431 3314 2472 recessu.
3385 2413 3536 2469 Nam
3567 2414 3618 2468 si

2030 2504 2362 2562 universalia
2387 2505 2526 2560 nihil
2553 2504 2706 2562 aliud
2732 2508 2862 2560 sunt
2901 2519 3068 2576 quam
3105 2503 3460 2576 singulm-ium
3499 2504 3619 2558 col-

2031 2593 2290 2650 lectiones
2303 2633 2319 2666 ,
2359 2596 2642 2666 sequetur,
2685 2592 2970 2648 seientiam
3022 2591 3234 2647 nullam
3281 2591 3472 2647 haberi
3517 2609 3621 2664 per

2032 2681 2551 2740 demonstrationem
2608 2680 2785 2753 (quod
2841 2685 2900 2737 et
2955 2680 3102 2736 infra
3155 2679 3366 2752 colligit
3400 2680 3452 2735 N
3469 2679 3622 2735 izo·

2029 2763 2233 2848 lius),
2265 2770 2359 2826 sed
2386 2769 2760 2827 collectionem
2799 2768 3172 2843 singularium,
3213 2784 3310 2824 seu
3345 2768 3626 2824 inductio-

2031 2875 2176 2916 nem.
2241 2858 2348 2915 Sed
2385 2876 2453 2916 ea
2491 2857 2705 2914 ratione
2741 2873 2962 2931 prorsus
2989 2861 3306 2914 evertuntur
3331 2856 3622 2931 scientiae,

2032 2954 2089 3007 et
2129 2948 2359 3022 Sceptici
2405 2948 2598 3004 vicere.
2673 2946 2822 3003 Nam
2865 2962 3146 3020 nunquam
3191 2946 3454 3003 constitui
3491 2964 3624 3018 pos·

2031 3044 2159 3094 sunt
2187 3054 2256 3094 ea
2281 3037 2498 3093 ratione
2534 3035 2936 3109 propositiones
2973 3039 3208 3109 perfecte
3249 3036 3626 3107 universales,

2031 3127 2162 3200 quia
2180 3125 2498 3183 inductione
2516 3140 2798 3198 nunquam
2817 3128 2994 3181 certus
3013 3142 3090 3199 es,
3115 3124 3302 3180 omnia
3329 3122 3632 3179 individua

2032 3233 2069 3273 a
2095 3221 2151 3272 te
2177 3218 2390 3271 tentata
2417 3230 2560 3287 esse,
2591 3214 2686 3270 sed
2713 3229 2926 3287 semper
2953 3212 3100 3269 intra
3118 3213 3260 3269 hanc
3285 3213 3630 3285 propositio-

2031 3320 2162 3361 nem
2191 3302 2467 3377 subsistes,
2499 3302 2689 3359 omnia
2715 3303 2832 3375 illa,
2863 3316 3004 3374 quae
3030 3304 3288 3375 expertus
3313 3316 3456 3373 sum,
3491 3307 3634 3357 sunt

2033 3394 2194 3464 talia3
2224 3406 2394 3464 quum
2420 3408 2552 3448 vera
2579 3408 2692 3448 non
2721 3390 2894 3464 pmt
2920 3406 3038 3446 esse
3064 3390 3178 3445 ulla
3215 3388 3359 3445 ratia
3399 3390 3634 3445 univer-

2033 3482 2180 3553 saliS,
2233 3496 2446 3553 semper
2493 3480 2740 3537 manebit
2787 3478 3066 3552 possibile,
3118 3478 3426 3549 innumera,
3479 3494 3636 3550 quae

2033 3575 2096 3627 tu
2145 3586 2262 3625 non
2310 3568 2388 3624 sis
2434 3574 2708 3642 expertuS,
2761 3584 2878 3623 esse
2925 3566 3158 3623 diversa.
3233 3567 3330 3639 At,
3385 3568 3634 3639 inquieS,

2035 3660 2218 3732 ignem
2249 3650 2334 3735 (id
2362 3662 2446 3714 est
2471 3674 2668 3731 corpus
2705 3657 2984 3729 quoddam
3011 3655 3271 3728 lucidum,
3303 3657 3636 3726 aemulum,

2036 3740 2234 3823 tenue)
2265 3763 2338 3803 ex
2364 3746 2534 3819 lignis
2567 3744 2848 3804 ordinario
2888 3744 3056 3801 modo
3085 3745 3406 3801 suscitatum
3443 3762 3634 3817 ura-e,

2037 3836 2268 3893 dicimus
2295 3835 2698 3907 universaliter,
2739 3832 2954 3890 etiamsi
2991 3850 3156 3889 nemo
3193 3834 3268 3888 sit
3303 3850 3510 3889 omnes
3549 3838 3640 3889 ta·

2039 3926 2119 3981 les
2168 3923 2321 3997 ignes
2369 3927 2646 3996 expertuS,
2700 3923 2796 3979 sed
2833 3922 2966 3995 quia
3001 3922 3065 3977 111
3100 3922 3188 3995 iis,
3229 3937 3370 3995 quos
3407 3921 3638 3995 experti

2037 4028 2240 4085 sumu-²3,
2270 4028 2358 4068 res
2393 4016 2676 4085 comperta
2703 4014 2802 4067 est.
2867 4011 2954 4067 lta
2981 4015 3092 4067 estz
3121 4010 3248 4067 hinc
3273 4010 3638 4081 conjicimus,

2039 4106 2096 4158 ct
2123 4100 2322 4157 morali
2349 4100 2518 4156 etiam
2545 4099 2868 4157 certitudine
2893 4100 3194 4157 credimus:
3235 4116 3432 4155 ornnoe
3473 4100 3642 4172 ignes

2040 4188 2312 4260 ejusmodi
2337 4205 2512 4261 urere,
2543 4193 2600 4245 et
2627 4193 2846 4245 usturos
2883 4193 2941 4245 te
2967 4188 3016 4243 si
3053 4202 3280 4245 manum
3307 4189 3643 4244 admovoes.

2039 4278 2146 4335 Sed
2173 4280 2306 4334 haec
2331 4277 2558 4335 moralis
2585 4277 2858 4334 certitudo
2883 4292 3002 4333 non
3031 4278 3261 4344 fundata
3302 4282 3390 4333 est
3415 4277 3482 4332 in
3511 4279 3644 4332 sola

2040 4366 2373 4439 inductione,
2403 4382 2478 4422 ex
2505 4382 2572 4423 ea
2601 4368 2752 4423 enim
2778 4366 2946 4423 nullis
2984 4382 3110 4422 eam
3137 4365 3370 4423 fidiculis
3395 4366 3648 4438 eollege—

2038 4456 2144 4528 ris3
2181 4454 2278 4511 sed
2303 4470 2378 4512 ex
2405 4455 2690 4512 additione
2715 4472 2812 4511 seu
2839 4454 3176 4512 adminiculo
3201 4455 3398 4511 harum
3425 4472 3650 4527 propo-

2037 4544 2302 4601 sitionum
2337 4544 2728 4603 universalium
2764 4560 2880 4600 11011
2915 4544 2990 4601 ab
3030 4543 3354 4601 inductione
3385 4544 3648 4616 singula·

2039 4634 2202 4706 rium,
2242 4632 2338 4689 sed
2375 4633 2502 4689 idea
2535 4633 2833 4689 universali
2869 4648 2966 4692 seu
3005 4632 3328 4689 definitione
3361 4632 3652 4689 1011111110-

2040 4738 2165 4779 mm
2191 4721 2572 4794 pendentium:
2617 4714 2724 4797 (l)
2755 4722 2814 4779 Si
2851 4721 3045 4777 eadem
3081 4722 3170 4778 vel
3199 4736 3297 4795 per
3321 4721 3520 4778 omnia
3565 4721 3650 4776 si-

2041 4810 2189 4867 milis
2215 4814 2300 4867 est
2327 4826 2506 4885 eausa,
2537 4810 2688 4867 idem
2715 4812 2804 4867 vel
2833 4828 2932 4883 per
2959 4810 3153 4867 omnia
3185 4809 3384 4866 similis
3425 4812 3514 4865 est
3559 4813 3653 4865 ef-

2043 4900 2229 4957 feetus.
2296 4900 2370 4955 Et
2394 4899 2557 4970 huius
2585 4899 2692 4971 (2)
2721 4899 3014 4957 existentia
3049 4899 3150 4971 rei,
3179 4915 3324 4971 quae
3358 4915 3478 4955 non
3507 4916 3656 4953 sen-

2043 4986 2193 5060 titur,
2224 5004 2340 5044 non
2359 4988 2754 5061 praesumitur-0,
2781 4992 2840 5044 et
2867 4987 3102 5061 denique
3121 4987 3308 5053 huius:
3341 4988 3444 5059 (3)
3467 4988 3660 5051 Quic-

2039 5075 2174 5150 quid
2201 5094 2317 5134 non
2343 5078 2726 5151 praesumitur,
2763 5076 2826 5132 in
2859 5076 3026 5151 praxi
3060 5077 3374 5134 habendum
3411 5082 3500 5132 est
3531 5094 3658 5149 pro

2043 5166 2217 5240 nullo,
2246 5171 2541 5241 antequam
2569 5167 2850 5242 probetur.
2915 5166 3005 5223 Ex
3041 5166 3127 5222 his
3153 5164 3440 5224 conficitm·
3467 5166 3658 5223 certi-
