3717 5850
1028 326 1095 382 v.
1140 324 1243 383 ni:
1268 324 1479 384 snm
1498 324 2032 385 PfflLosoPfflco
2063 325 2364 409 Nizom,

3234 320 3324 390 69

147 480 278 533 amem
306 470 409 543 ipse
440 464 761 523 Nizolius
808 470 997 523 noster
1046 484 1107 523 se
1142 466 1495 525 Nominalem
1544 484 1643 527 ex·
1740 469 1855 526 cari
1882 486 2062 543 posse,
2091 468 2197 527 etsi
2223 468 2620 529 universalibus
2647 474 2706 527 et
2741 470 3166 529 formalitatibus
3203 488 3326 535 rea-z

145 568 245 621 sate
264 554 469 633 profiteri
488 570 605 611 non
630 554 845 612 dubitet
864 548 1063 633 (prope
1082 556 1249 613 finem
1273 556 1470 629 eapitis
1494 550 1639 615 senti

144 650 237 709 libri
266 636 441 721 primi)
488 646 549 699 et
592 658 725 701 vero
761 643 824 699 in
848 643 1099 701 realitate
1146 645 1545 703 formalitatum
1582 650 1639 703 et

144 734 451 796 mave-salim
494 731 789 789 evertenda
834 748 1037 789 nervus
1086 732 1471 808 disputationis
1519 732 1637 803 eius

142 826 271 885 onmis
290 820 609 896 potissimum
644 820 1005 893 contineam,
1044 837 1221 893 panea
1256 823 1527 895 quaedam
1567 823 1639 881 de

143 911 443 972 Nomimlibus
466 908 735 979 subjicere
772 924 971 983 operae
1008 910 1246 983 pretium
1282 912 1437 969 duxi.
1524 912 1637 969 No-

143 1002 457 1070 minalessunt,
484 997 581 1069 qui
619 998 809 1055 omnia
852 1002 1051 1072 putant
1086 1001 1382 1057 essenuda
1408 1001 1637 1057 nomina

141 1096 291 1167 paster
322 1086 638 1143 substantias
672 1087 991 1159 singulares,
1030 1088 1429 1146 abstractorum
1468 1089 1637 1163 igitur

140 1186 179 1237 et
197 1174 523 1235 universalium
547 1174 857 1233 realitatem
880 1192 1101 1249 prorsus
1130 1177 1344 1233 tollunt.
1388 1178 1636 1235 Primum

139 1273 267 1325 autem
295 1263 639 1321 nominalium
675 1262 831 1321 aiunt
869 1264 1037 1321 fuisse
1070 1265 1257 1322 nescio
1302 1281 1467 1339 quem
1502 1266 1635 1323 Ru-

139 1356 363 1413 telinum
403 1352 797 1426 Britonem,
861 1352 1019 1423 eujus
1078 1354 1363 1411 ocoesione
1408 1358 1635 1413 eruenta

136 1444 356 1501 mina
391 1442 449 1497 in
482 1440 767 1499 academia
792 1441 1087 1499 Pari-ensi
1122 1444 1346 1499 fuerunt
1378 1444 1632 1500 excitata.

137 1531 335 1589 Refeitin
358 1546 475 1587 eum
510 1529 787 1601 eiusmodi
816 1530 1173 1604 Epigramma
1206 1531 1630 1589 Aventinus:

190 1656 299 1720 Quas
320 1652 653 1710 Ruceline
678 1654 855 1727 doces,
885 1652 1007 1710 odit
1032 1653 1331 1711 Dialectica
1360 1672 1539 1728 voces,

188 1744 370 1815 Jamque
394 1742 582 1799 dolens
611 1742 681 1798 de
706 1760 793 1816 se,
831 1758 947 1799 non
975 1742 1095 1798 vult
1134 1742 1194 1798 in
1221 1744 1447 1800 vocibus
1476 1760 1627 1818 esse,

188 1834 269 1888 Res
290 1833 445 1904 amat,
485 1830 549 1885 in
578 1830 765 1888 Rebus
792 1831 999 1888 cunctis
1036 1830 1155 1887 vult
1183 1848 1301 1888 esse
1328 1832 1536 1889 diebus.

186 1920 297 1975 Voee
327 1922 651 1993 retractetur,
690 1936 779 1975 res
816 1920 916 1993 sit,
955 1920 1105 1992 quod
1141 1934 1276 1976 voce
1304 1920 1557 1995 docetur3

184 2008 331 2064 Plorat
372 2008 807 2065 Aristoteles
844 2024 1017 2081 nugas
1058 2007 1325 2065 tradendo
1364 2010 1578 2084 seniles,

184 2096 267 2152 Res
300 2096 391 2151 sihi
417 2096 725 2153 subtractas
752 2112 850 2171 per
876 2114 1036 2153 voces
1078 2096 1416 2170 intitulatas,

181 2184 663 2259 Porphyriusque
709 2185 904 2260 gemit,
967 2181 1099 2258 quia
1144 2202 1232 2241 res
1300 2185 1411 2243 sibi
1454 2186 1629 2245 lector

934 2274 1166 2346 ademit-3.

179 2360 261 2425 Qui
282 2378 356 2417 ιω
380 2360 630 2435 abrodit,
660 2361 1018 2437 Ruceline,
1050 2361 1321 2419 Boetius
1358 2362 1496 2419 edit.

180 2448 276 2503 Non
316 2449 671 2524 argumentis,
714 2451 973 2524 nulloque
1021 2450 1368 2523 sophismata
1404 2450 1574 2509 sentis

178 2536 261 2595 Res
281 2538 557 2597 existentes
584 2540 650 2595 in
687 2539 911 2596 vocibus
949 2556 1067 2598 effe
1094 2544 1391 2596 manentes.

180 2678 263 2735 Diu
286 2685 451 2736 autem
469 2679 653 2750 jacuit
693 2680 757 2736 in
782 2680 1021 2737 tenebris
1046 2684 1195 2737 secta
1221 2679 1617 2757 Nominalium,

126 2766 243 2823 «laneo
270 2768 485 2825 maximi
520 2770 613 2825 vir
648 2769 881 2842 ingenii,
920 2773 979 2825 e't
1016 2768 1343 2827 eruditionis
1379 2786 1481 2843 pro
1518 2770 1619 2827 illo

126 2871 454 2932 mosummae,
476 2857 897 2915 Willielmus
916 2857 1157 2915 Occam
1176 2858 1405 2933 AngluS,
1426 2858 1619 2915 Scoti

126 2944 355 3020 discipilum,
382 2948 475 3004 sed
502 2963 645 3004 mox
686 2953 1033 3022 oppugnator
1070 2946 1364 3021 maximus,
1404 2947 1473 3004 de
1512 2948 1617 3006 im·

126 3035 277 3104 lieviso
306 3051 419 3092 eam
454 3035 829 3107 resuscitaviti,
866 3053 1187 3096 consensere
1227 3037 1615 3110 Gregorius

123 3121 425 3199 Ariniinensis,
483 3125 693 3183 Gabr.
751 3123 933 3198 Biel,
990 3129 1049 3182 et
1102 3125 1349 3199 plerique
1404 3125 1615 3184 ordinis

124 3165 577 3287 maenianorum,
622 3213 769 3270 unde
808 3217 865 3268 et
900 3213 961 3268 in
998 3214 1291 3270 Martini
1328 3214 1613 3273 Lutheri

122 3299 271 3371 seriptis
298 3302 561 3374 prioribus
614 3318 773 3358 amor
815 3301 1195 3360 Nominalium
1238 3303 1373 3359 satis
1418 3304 1609 3377 elucet,

124 3385 239 3443 (hinc
266 3391 573 3460 procedente
623 3395 871 3464 tempore
919 3408 1049 3464 erga
1085 3407 1275 3449 omnes
1312 3392 1613 3450 Monaehos

120 3477 339 3547 ieqmliter
380 3479 609 3536 affectus
649 3495 767 3536 esse
813 3480 1009 3552 eoepit.
1097 3480 1379 3536 Generalis
1428 3485 1615 3538 autem

120 3565 247 3634 regula
276 3571 361 3638 est,
396 3583 507 3640 qua
533 3567 859 3624 Nominales
894 3567 1101 3642 passim
1140 3572 1395 3625 utuntur:
1446 3569 1615 3626 Entia

118 3666 193 3706 non
212 3671 305 3710 esse
324 3656 731 3730 multiplieanda
765 3661 981 3730 praeter
1006 3657 1399 3713 necessitatem.
1463 3659 1615 3714 Haec

118 3741 247 3810 oegula
268 3743 327 3799 ab
350 3744 469 3800 aliis
496 3745 709 3818 passim
731 3749 1079 3820 oppugnatur
1114 3745 1271 3818 quasi
1308 3744 1513 3815 injuria
1552 3746 1614 3802 in

116 3826 307 3886 Divimm
327 3833 647 3900 ubertatem,
674 3835 957 3892 liberalem
983 3833 1169 3908 potius
1186 3849 1355 3907 quam
1374 3851 1613 3907 paream,

116 3920 149 3968 et
172 3918 381 3976 varietate
404 3939 471 3980 ac
496 3923 665 3997 copia
700 3939 885 3981 temni
922 3923 1265 3997 gaudentem.
1352 3923 1477 3996 Sed,
1517 3923 1613 3995 qui

119 4003 167 4058 sie
186 4004 423 4085 objiciunt,
464 4029 589 4069 non
614 4013 751 4068 satis
788 4012 923 4068 mihi
962 4012 1327 4070 nominalium
1371 4015 1613 4068 mentem

117 4094 258 4164 cepisse
278 4098 535 4174 videntur,
564 4117 723 4174 quae,
744 4101 850 4157 etsi
874 4101 1156 4158 obsera-ius
1183 4101 1481 4175 proposita,
1508 4100 1613 4157 huc

120 4181 229 4236 redit:
262 4186 595 4260 Hypotboein
618 4205 687 4246 eo
715 4207 833 4246 esse
852 4190 1151 4264 meliorem,
1181 4206 1293 4262 quo
1319 4188 1613 4262 sinqilicio-

117 4285 203 4340 rem,
236 4279 287 4330 et
317 4276 377 4332 in
414 4279 593 4335 musis
630 4295 825 4336 eorum
860 4294 1003 4351 quae
1028 4282 1295 4352 apparent
1321 4277 1612 4336 reddendis

118 4373 197 4412 Hm
214 4363 392 4433 optime
416 4383 477 4424 se
504 4383 709 4440 geru-e,
748 4367 847 4440 qui
872 4383 1041 4440 quam
1078 4367 1405 4441 pemissima
1442 4366 1613 4439 gratis

116 4457 319 4519 supponat.
398 4455 549 4510 Nam
587 4456 685 4528 qui
720 4456 883 4512 aliter
914 4455 1048 4529 agit,
1078 4473 1149 4512 eo
1184 4455 1307 4530 ipso
1334 4461 1608 4529 naturam,

118 4539 173 4588 m
190 4538 339 4608 potius
362 4547 613 4600 autorem
639 4542 759 4612 ejus
780 4545 961 4602 Deum
978 4545 1201 4618 ineptae
1222 4543 1612 4618 superfluitatis

116 4631 271 4683 minat.
326 4631 381 4687 Si
418 4631 545 4704 quis
580 4632 947 4690 Astronomus
986 4633 1261 4690 rationem
1287 4634 1610 4706 phaenome-

120 4723 245 4770 ’Μαι
266 4719 579 4778 coelestium
603 4723 829 4779 reddere
863 4725 1046 4795 potest
1080 4723 1267 4796 paucis
1294 4719 1607 4796 suppositis,

122 4800 219 4858 'His
256 4807 509 4866 nimimm
556 4810 799 4868 motibus
847 4810 1187 4884 simplicibus
1236 4810 1607 4883 eircmafibus,

119 4885 188 4952 ‘ins
218 4901 339 4953 terte
384 4899 705 4972 hypothesis
752 4898 871 4968 ejus
920 4900 1207 4973 hypothesi
1256 4898 1609 4974 maererenda

118 4975 189 5048 aa,
214 4985 287 5054 qui
326 4988 511 5044 mulsa
552 4988 779 5047 orbibus
818 4989 968 5044 vario
1018 4987 1275 5062 naplexis
1322 4988 1397 5046 ad
1434 4987 1609 5060 expu-

117 5068 493 5132 fflkhooelestia
534 5075 762 5150 indiget.
863 5076 953 5132 Ex
988 5076 1243 5146 hacjam
1280 5075 1609 5151 regulaNo-

1741 557 1888 614 libus
1915 572 2137 631 prorsus
2164 561 2440 630 careatur,
2477 574 2590 631 qua
2627 560 2900 617 sententia
2940 560 3080 617 nihil
3116 562 3318 637 verius,

1738 645 1879 703 nihil
1935 645 2112 703 nostri
2168 646 2430 720 temporis
2479 646 2802 721 philosopho
2853 648 3098 723 digniuS,
3149 666 3320 724 usque

1737 734 1896 807 adeo,
1925 740 1989 790 ιιι
2013 734 2232 791 credam
2259 735 2440 808 ipsum
2467 734 2820 792 Occamum
2857 752 2974 795 non
3010 738 3176 795 fuisse
3204 739 3318 797 No·

1735 823 2110 897 minaliorem,
2162 840 2332 897 quam
2369 838 2516 880 nunc
2551 827 2634 879 est
2673 825 2966 881 Thomas
3004 826 3314 903 Hobbes,

1735 911 1849 985 qui,
1881 917 1945 968 ut
1970 928 2160 969 verum
2187 914 2376 985 fatear,
2407 911 2542 969 mihi
2577 912 2868 985 plusquam
2904 915 3196 979 nominalis
3233 916 3314 973 vi·

1736 1000 1912 1056 detur.
1977 1001 2108 1057 Non
2133 1004 2423 1057 contentus
2450 999 2600 1057 enim
2626 1016 2754 1057 cum
2781 1001 3166 1061 Nominalibus
3193 1004 3316 1061 uni-

1736 1089 1970 1145 versalia
1995 1090 2071 1146 ad
2107 1090 2338 1145 nomina
2373 1088 2645 1161 reducem,
2676 1090 2855 1165 ipsam
2891 1106 3076 1147 rerum
3115 1092 3314 1147 verita·

1734 1180 1849 1233 tem
1887 1177 1969 1233 ait
2005 1177 2066 1233 in
2101 1177 2418 1235 nominibus
2455 1177 2775 1251 eonsistere,
2814 1195 2906 1251 ae,
2948 1178 3108 1251 quod
3133 1178 3314 1251 maius

1734 1269 1834 1339 est,
1867 1266 2104 1338 pendere
2129 1267 2204 1323 ab
2231 1266 2465 1323 arbitrio
2490 1266 2750 1339 humano,
2787 1266 2920 1339 quia
2955 1267 3158 1325 veritas
3181 1284 3313 1341 pen-

1734 1353 1864 1411 deat
1889 1370 1926 1410 a
1953 1354 2359 1413 definitionibus
2408 1354 2784 1429 terminorum,
2837 1356 3178 1413 definitiones
3215 1372 3313 1415 au-

1732 1446 1845 1499 tem
1897 1443 2256 1501 terminorum
2303 1445 2378 1501 ab
2415 1442 2644 1499 arbitrio
2689 1444 2948 1501 humano.
3035 1444 3186 1501 Haec
3229 1449 3313 1502 est

1730 1532 2006 1587 sententia
2033 1532 2139 1589 viri
2179 1533 2324 1588 inter
2350 1532 2805 1605 profundissimos
2843 1532 3012 1589 seculi
3037 1532 3312 1607 censendi,

1730 1634 1857 1693 qua,
1889 1623 1954 1675 ιιι
1990 1619 2128 1692 dixi,
2167 1620 2306 1677 nihil
2343 1624 2524 1693 potest
2561 1636 2679 1677 esse
2713 1620 3066 1679 nominalius,
3157 1622 3313 1679 Idem

1730 1707 2024 1764 dicendum
2049 1712 2136 1765 est
2171 1710 2241 1765 de
2277 1708 2452 1765 nostri
2491 1709 2754 1781 temporis
2792 1708 3168 1783 philosophiae
3205 1710 3311 1767 Re-

1730 1796 2138 1869 formatoribus,
2177 1813 2274 1854 eos
2316 1796 2366 1851 si
2401 1812 2518 1854 non
2553 1796 2842 1870 plusquam
2869 1797 3189 1854 Nominaloe
3229 1802 3311 1856 ta-

1729 1900 1859 1941 men
1877 1884 2198 1941 Nominales
2218 1900 2334 1941 esse
2355 1886 2468 1941 fere
2486 1900 2692 1941 omnes.
2737 1886 2920 1943 Tanto
2939 1886 3110 1959 igitur
3127 1886 3310 1961 aptior

1726 1974 1813 2031 his
1840 1974 2178 2047 temporibus
2207 1972 2528 2029 Nizolius
2558 1973 2678 2029 erit.

1814 2063 2042 2121 XXIX.
2095 2062 2254 2119 Nunc
2293 2061 2366 2119 ad
2403 2060 2666 2118 Nizolii
2715 2078 2924 2119 errores
2973 2062 3310 2121 redeundum

1726 2155 1827 2225 est,
1869 2168 1944 2207 ex
1982 2152 2210 2225 quibus,
2251 2153 2378 2224 post
2413 2150 2870 2207 Aristotelem
2919 2150 3310 2224 interpretibus

1724 2240 2031 2314 mnfmmn,
2062 2240 2360 2313 palmarius
2386 2243 2472 2295 est
2506 2238 2826 2295 omnimoda
2861 2238 2960 2295 illa
2979 2240 3309 2297 Dialectieae

1724 2333 1783 2385 et
1808 2328 2216 2402 Metaphysieae
2242 2327 2492 2401 abolitio,
2533 2343 2704 2399 quum
2731 2331 2920 2385 tamen
2959 2332 3017 2383 et
3043 2326 3307 2385 Nomina-

1724 2417 1807 2475 les
1834 2417 2030 2473 iisdem
2055 2416 2184 2473 licet
2209 2414 2492 2489 principiis
2519 2416 2642 2471 nixi
2669 2415 3010 2473 retinuerint.
3073 2416 3147 2473 Et
3173 2434 3306 2475 vero

1722 2504 2813 2579 quisnegegessequaedampraecepta
2849 2502 3306 2579 tumartiscogi-

1721 2593 1880 2651 tamli
1905 2610 2002 2651 seu
2029 2592 2288 2649 scientiae
2323 2593 2394 2649 de
2429 2598 2631 2667 mente,
2673 2596 2795 2649 tum
2829 2593 3050 2667 pietatis
3085 2598 3306 2651 natura·

1720 2682 1807 2755 lis,
1836 2699 1934 2739 seu
1961 2682 2220 2739 scientiae
2248 2681 2318 2738 de
2343 2698 2561 2738 summa
2587 2697 2787 2756 ranan,
2817 2681 2879 2738 id
2905 2684 2991 2738 est
3016 2683 3304 2757 Metapby·

1719 2771 1892 2845 sieae3
1921 2786 2053 2827 nam
2079 2770 2184 2827 etsi
2212 2770 2368 2827 iliam
2405 2771 2479 2827 ad
2515 2770 2830 2829 Orator-iam
2865 2786 2962 2827 seu
3003 2775 3182 2829 artem
3221 2771 3303 2828 di-

1719 2860 1896 2936 cendi,
1927 2860 2066 2917 banc
2093 2859 2168 2917 ad
2193 2858 2480 2930 Physicam
2507 2876 2604 2917 seu
2625 2858 2911 2917 seientiam
2935 2864 3165 2917 naturae
3181 2877 3303 2935 per-

1718 2949 1894 3006 tinere
1919 2949 2070 3023 velit,
2098 2965 2165 3005 eo
2193 2953 2516 3021 argumento
2553 2949 2702 3024 quod
2739 2953 2799 3006 et
2837 2951 3044 3006 veteres
3083 2953 3302 3008 tantum

1716 3043 1827 3094 tres
1854 3038 2084 3094 fecerint
2109 3036 2578 3111 Encyclopaediae
2603 3041 2804 3111 partes,
2834 3036 3110 3110 Logieam,
3155 3038 3300 3108 Phy-

1714 3126 1886 3184 sieani
1913 3131 1972 3184 et
1989 3125 2240 3182 Ethieam
2268 3124 2410 3198 (quo
2437 3125 2596 3182 facile
2621 3125 2878 3200 effecerit,
2905 3142 2978 3182 ne
2998 3127 3298 3184 Mathema-

1714 3215 1851 3272 tieas
1877 3215 2100 3288 quidem
2127 3214 2381 3272 scientias
2407 3214 2704 3288 peculiares
2733 3215 2906 3286 esse):
2945 3214 3085 3271 nihil
3113 3219 3300 3274 tamen
3365 3237 3374 3249 ‘

1714 3303 1970 3378 prohibet
2005 3304 2310 3360 accuratius
2349 3307 2530 3377 partes
2567 3303 3032 3376 subdistinguere,
3085 3307 3144 3360 et
3181 3305 3298 3362 dia-

1714 3393 1938 3450 lectieae
1963 3397 2271 3466 separatam
2299 3408 2336 3448 a
2363 3392 2671 3464 Rhetorica,
2715 3397 2779 3448 ut
2817 3396 2876 3449 et
2911 3393 3300 3464 grammatieae

1714 3481 1903 3555 datur,
1954 3481 2360 3555 Metaphysicae
2408 3497 2505 3538 seu
2542 3481 2874 3554 Theologiae
2909 3486 3221 3554 separatum
3260 3499 3297 3540 a

1714 3570 1975 3642 Physiea,
2027 3575 2090 3626 ut
2137 3573 2196 3626 et
2233 3569 2466 3626 Mathesi
2513 3570 2702 3642 datur,
2767 3570 2950 3626 locum
2999 3569 3294 3643 assignare.

1714 3658 1862 3714 Illud
1897 3674 2114 3732 quoque
2147 3657 2378 3714 minime
2419 3657 2702 3715 ferendum
2741 3660 2840 3730 est,
2883 3657 3032 3729 quod
3073 3658 3293 3714 demon‘

1714 3747 2064 3818 strationern,
2103 3745 2322 3818 qualem
2351 3743 2634 3818 descripsit
2661 3745 3111 3818 Aristoteles,
3143 3762 3295 3819 pror-

1714 3851 1807 3890 sus
1845 3852 1878 3892 e
1905 3839 2102 3892 natura
2137 3849 2322 3890 rerum
2359 3833 2534 3905 tollit,
2575 3833 2785 3890 levibus
2826 3838 2972 3889 eerte
3007 3849 3294 3905 argumen-

1714 3923 1803 3996 tis,
1854 3939 1930 3979 ex
1971 3921 2169 3995 quibus
2208 3919 2556 3994 potissimum
2605 3925 2714 3978 est:
2767 3921 2914 3993 quod
2963 3921 3294 3980 universalia

1712 4028 1829 4069 non
1856 4013 1970 4068 sint
1997 4010 2060 4066 in
2095 4026 2280 4068 rerum
2315 4011 2532 4083 natura,
2585 4001 2782 4086 (quum
2826 4014 3012 4066 tamen
3061 4013 3296 4069 sufficiat

1712 4100 1786 4158 ad
1842 4099 2355 4158 demonstrandum:
2421 4099 2652 4156 nomina
2713 4115 2832 4155 esse
2897 4097 3292 4173 universalia)3

1713 4189 1914 4246 deinde
1939 4188 2090 4262 quod
2127 4187 2445 4259 exemplum
2491 4185 2612 4256 ejus
2661 4186 2922 4243 hactenus
2973 4187 3294 4262 interpretes

1712 4294 1916 4351 magno
1943 4281 2144 4336 conatu
2169 4279 2372 4333 frustra
2397 4275 2780 4348 quaesiverint.
2847 4275 2966 4348 Ego
3005 4293 3136 4335 vero
3165 4294 3294 4334 eon-

1711 4372 1799 4424 tra
1826 4367 2082 4439 arbitror,
2111 4365 2318 4439 passim
2344 4364 2588 4422 inlibris
2615 4363 3062 4437 Aristotelis,
3093 4367 3208 4423 iino
3235 4371 3295 4423 ct

1711 4454 2188 4529 ipsiusNizolii,
2218 4471 2497 4511 occurrere
2522 4456 2800 4510 accuratas
2827 4458 2884 4510 et
2910 4455 3174 4526 pafectas
3201 4455 3294 4512 de-

1710 4544 2154 4602 monstrationes.
2212 4542 2376 4608 Quod
2402 4542 2584 4616 ipsum
2611 4541 3002 4614 demonstrare,
3029 4548 3088 4600 et
3115 4561 3152 4599 a
3177 4560 3292 4600 non

1707 4632 2134 4705 intelligentium
2191 4631 2590 4702 objectionibus
2655 4627 3058 4688 nobilissimam
3113 4635 3293 4690 artem
3353 4666 3376 4688 ae

1710 4720 2122 4778 demonstrandi
2149 4721 2446 4794 vindicare,
2475 4718 2738 4793 peculiari
2767 4736 2966 4793 operae
2993 4737 3173 4778 servo.

1796 4809 1998 4868 XXX.
2040 4809 2202 4875 Quod
2223 4809 2356 4866 item
2383 4808 2666 4866 eontendit
2691 4807 2928 4881 genuina
2947 4808 3288 4866 Aristote-

1710 4900 1803 4956 lis
1830 4915 2000 4972 opera
2027 4916 2174 4956 nunc
2199 4915 2317 4956 non
2342 4897 2549 4971 haberi,
2579 4896 2744 4971 idque
2769 4897 2904 4954 locis
2939 4897 3288 4970 potissimum

1708 4988 2077 5046 Ciceronis
2098 5027 2115 5061 ,
2175 4987 2310 5044 inihi
2365 5002 2648 5059 nunquam
2703 4986 3044 5060 persuaserit.
3141 4986 3288 5042 Nam

1706 5077 1843 5150 quid
1871 5077 2074 5134 mirum
2099 5080 2201 5150 est,
2229 5076 2509 5134 hominem
2537 5074 2821 5149 politicum
2847 5080 2907 5132 et
2931 5072 3160 5130 infinitis
3195 5091 3286 5132 eu·

118 5153 269 5216 nimis
291 5161 649 5241 deduxerunt,
680 5165 869 5224 omnia
894 5165 957 5224 in
982 5181 1167 5226 rerum
1194 5161 1398 5244 natura
1430 5165 1607 5241 expli-
1710 5167 1787 5226 ris
1820 5166 2126 5240 obrutum,
2185 5164 2366 5268 qualis
2419 5168 2540 5225 erat
2578 5163 2844 5236 Cicero,
2891 5177 3286 5237 nonnunquam
