3717 5850
1113 374 1323 434 LXXI.
1412 376 1513 435 DE
1555 376 1805 437 ANJMA
1849 377 2280 438 BRU'mRUM.

3185 372 3321 447 ⁴63

39 524 156 565 nee
183 508 811 588 annuntiationi,
839 530 942 572 uec
963 516 1516 577 cousubstantiationi
1557 536 1660 595 pa-
1735 520 1921 595 quoad
1948 520 2093 579 vires
2130 522 2439 596 primitivas
2485 526 2691 583 activas
2726 532 2788 585 et
2823 526 3082 601 passivas,
3120 526 3321 586 substi-

39 554 1652 682 ἈΜΜΟᾸωΡιομίιιιιιίῃα-σίρίωφω

1736 614 1965 683 tutaque
1992 610 2301 684 praesentia
2330 612 2628 671 monadum
2654 632 2853 691 corpus
2886 616 3091 674 uixisti
3116 617 3319 675 musti·

35 685 286 760 Gla-isti,
321 691 388 744 ut
407 689 552 745 adeo
579 690 699 747 solu
725 692 1048 765 exlilicanda
1067 694 1142 750 sit
1167 698 1418 770 corporis
1447 698 1654 755 Clu-isti
1737 698 2024 773 tumtium,
2055 704 2259 757 restare
2296 700 2479 757 solum
2510 702 2651 759 vires
2690 704 3037 779 derivativas,
3076 720 3233 779 qnae
3252 702 3316 763 i'n

33 776 390 847 praesentia.
479 778 557 834 Et
581 778 702 849 jam
729 780 1164 841 Turnemino
1189 785 1468 859 respondi,
1495 802 1652 859 prae-
1737 801 1879 862 pane
1899 789 2067 861 tuere,
2089 790 2283 845 eadem
2304 790 2679 863 phaenomena
2698 794 3021 851 exhibentes
3040 809 3181 868 quae
3198 810 3317 854 mo-

33 864 304 921 santiam
353 880 476 921 eme
507 866 716 941 aliquid
754 871 1200 946 metaphysicum,
1251 878 1316 931 ut
1363 876 1651 933 unionem·
1735 877 1909 935 uades
1938 879 2096 951 panis
2121 876 2513 936 exhibuissent.

35 953 208 1025 quod
237 970 362 1010 nou
387 954 690 1029 explicatur
717 974 814 1031 per
841 960 1242 1035 phaenomena3
1286 964 1384 1019 sed
1421 969 1480 1020 et
1517 980 1654 1037 quo·

39 1040 232 1097 modo
279 1042 818 1105 uarissuhstantiatio
859 1053 1040 1105 vestra
1077 1052 1340 1124 explicari
1381 1052 1556 1126 possit
1591 1054 1652 1110 in

37 1129 416 1205 Philosophia
443 1148 584 1206 men,
616 1135 784 1192 altior
819 1134 1130 1211 disquisitio
1169 1141 1328 1195 foret.
1416 1140 1472 1196 Si
1515 1141 1652 1199 acci·

37 1218 246 1275 denua
276 1220 448 1276 realia
476 1223 640 1279 vultis
665 1230 874 1281 restare
898 1227 1018 1283 sine
1057 1226 1319 1302 subjecto,
1359 1229 1650 1287 dicendum

39 1312 152 1382 est,
185 1307 432 1367 subistis
457 1312 902 1390 monadibus,
941 1330 1140 1390 panem
1176 1318 1649 1394 constituentibus,

1823 966 1987 1034 Quod
2016 972 2279 1040 superest,
2311 967 2449 1023 Vale
2472 972 2531 1024 et
2558 966 2720 1024 Fave.

1914 1055 2133 1113 Dabam
2160 1056 2483 1115 Hauoverae
2514 1057 2572 1112 8.
2600 1058 2747 1132 Sept.
2788 1056 2972 1112 1709.

2533 1145 2915 1203 Deditissimus

2276 1234 2516 1291 Godel'.
2560 1233 2738 1290 Guil.
2783 1226 3195 1292 Leibuitius.

1277 1628 2024 1641 ιι--ῌ-ο---ῌ-ῃ-ἠ---
2040 1636 2066 1641 .-
2081 1636 2098 1640 -

1507 1929 1842 2019 LXXI.

146 2113 1310 2239 COMMENTATIO
1405 2118 1624 2239 DE
1714 2116 2217 2239 ΑΝιΜΑ
2278 2118 3235 2271 BRUTORUM.

1441 2430 1483 2513 1
1579 2426 1631 2517 7

1733 2428 1957 2517 1.0.

50 2678 140 2747 (G.
183 2688 246 2731 (ἰ.
286 2686 601 2735 Lelbnitll
636 2689 892 2743 Epistulae
928 2690 990 2735 ad
1027 2690 1253 2737 diversos
1290 2694 1385 2737 etc.

1441 2692 1526 2737 m.
1563 2690 1884 2738 Kortholt.

199 2756 414 2804 Leibn.
453 2760 580 2815 opp.
615 2760 702 2806 u.
739 2762 985 2806 nutans
1031 2764 1168 2807 Τοιι.
1206 2764 1271 2809 u.
1311 2764 1435 2809 ΡΑ.
1474 2760 1687 2818 asso.)

1949 2692 2086 2747 Lips.
2130 2690 2282 2738 17³5.
2320 2694 2407 2739 lv.
2448 2694 2559 2739 Vol.
2584 2692 2764 2739 svo—
2802 2658 2991 2739 Volat.
3030 2705 3079 2749 p.
3124 2694 3319 2739 189.—

1652 2900 1899 2907 -w—

143 3003 194 3060 1.
244 3002 548 3062 Materia
588 3007 648 3062 in
689 3023 750 3062 se
787 3011 970 3064 sumta
998 3025 1094 3064 seu
1121 3007 1269 3064 nuda
1303 3007 1654 3065 constituitur

57 3109 162 3166 per
191 3092 548 3167 Antitypiam
583 3101 640 3152 et
670 3095 1078 3153 Extensionem.
1131 3096 1482 3172 Antitypiam
1511 3113 1650 3154 voco

57 3181 202 3238 illud
239 3183 600 3257 attributum,
641 3201 740 3257 per
775 3185 922 3257 quod
960 3187 1192 3242 materia
1231 3191 1316 3242 est
1353 3187 1413 3244 in
1455 3187 1652 3261 spatio.

57 3270 336 3327 Extensio
363 3276 450 3328 est
477 3273 818 3332 continuatio
847 3291 948 3346 per
973 3275 1228 3350 spatium,
1269 3293 1366 3332 seu
1393 3277 1654 3334 continua

56 3375 160 3432 per
193 3359 378 3416 locum
405 3361 640 3420 diffusio.
709 3365 892 3435 Atque
921 3363 1014 3437 ita,
1045 3365 1176 3420 dum
1207 3367 1496 3440 Antitypia
1523 3381 1652 3422 con-

59 3449 220 3504 tinue
271 3465 372 3522 per
421 3451 600 3508 locum
651 3450 976 3510 diffunditur
1021 3469 1122 3508 seu
1171 3454 1498 3528 extenditur,
1549 3471 1652 3510 nec

57 3537 220 3594 aliud
266 3538 527 3610 quiddam
567 3540 816 3616 ponitur3
860 3542 1034 3598 oritur
1072 3543 1302 3598 materia
1341 3543 1400 3598 in
1425 3552 1516 3617 ἐρ,
1559 3559 1654 3600 seu

57 3627 234 3684 nuria.

147 3716 221 3772 11.
267 3716 596 3790 Autitypiae
622 3717 954 3775 modificatio
993 3733 1091 3773 seu
1121 3717 1360 3774 varietas
1399 3719 1655 3775 consistit

61 3804 120 3859 in
149 3805 420 3862 varietate
447 3805 570 3863 loci.
661 3807 1012 3864 Extensionis
1049 3805 1380 3864 modificatio
1409 3808 1656 3864 consistit

65 3893 124 3948 in
173 3894 438 3952 variante
475 3896 864 3964 magniuulinis
901 3901 959 3952 et
995 3897 1212 3969 figurae.
1303 3897 1447 3952 Hinc
1485 3901 1654 3972 patet,

65 3982 360 4040 materiam
385 4001 506 4040 esse
531 3983 736 4056 aliquid
765 4001 916 4040 inere
953 3985 1250 4058 passivum,
1292 4002 1462 4058 quum
1499 3985 1654 4041 attri-

63 4071 212 4126 buta
235 4069 356 4140 ejoe
385 4087 684 4145 earumque
713 4073 1004 4130 varietates
1033 4075 1242 4132 nullam
1270 4076 1542 4132 actionem
1569 4075 1654 4130 in-

65 4159 316 4214 volvant.
399 4161 472 4216 Et
523 4165 790 4234 quatenus
827 4161 886 4217 in
925 4166 1080 4217 motu
1129 4164 1309 4220 solum
1349 4164 1656 4220 considera·

63 4263 198 4304 mus
243 4248 561 4306 variantem
599 4250 724 4324 loci,
771 4251 1162 4324 magnitudinis
1200 4258 1256 4308 et
1296 4253 1630 4327 figurae3m

61 4335 151 4393 hil—
174 4335 256 4392 ibi
285 4338 708 4410 consideramus,
737 4339 844 4395 nisi
873 4355 1024 4396 mere
1044 4341 1338 4414 passivum.

153 4425 256 4482 111.
301 4427 407 4484 Sed
433 4429 482 4483 si
511 4427 778 4486 actualem
805 4428 1164 4486 variationem
1207 4429 1656 4504 superaddamus,

64 4529 164 4571 seu
193 4515 382 4589 ipsum
405 4517 738 4590 principium
765 4521 968 4589 motus,
1012 4519 1220 4576 accedit
1259 4518 1468 4593 aliquid
1500 4535 1655 4593 prae·

65 4607 156 4660 ter
203 4605 496 4662 materiam
545 4605 769 4663 nudam.
858 4605 1066 4662 Eodem
1117 4607 1284 4663 modo
1322 4613 1490 4681 putet,
1534 4624 1655 4682 per-

61 4695 382 4765 ceptionem
411 4709 524 4750 uou
549 4709 712 4768 pone
737 4695 931 4752 deduci
947 4711 1024 4752 ex
1045 4697 1274 4752 materia
1291 4697 1456 4770 nuda,
1483 4713 1655 4769 quum

63 4781 128 4836 in
155 4782 376 4840 actione
389 4783 638 4856 -qmdnm
663 4785 941 4842 consistat.
1008 4783 1162 4841 Idem
1201 4785 1272 4842 de
1311 4786 1656 4859 perceptione

65 4871 358 4944 qieeiaum
385 4872 488 4929 hcc
515 4873 682 4930 modo
705 4873 940 4946 intelligi
969 4877 1170 4947 potest.
1255 4874 1310 4930 Si
1339 4875 1476 4931 nihil
1503 4874 1654 4932 aliud

63 4961 1131 5038 orgarn'coadoesetquammuchina,
1183 4963 1656 5035 idaeumatoeia

1735 3013 1832 3064 tes.
1898 3009 2043 3066 Nam
2083 3025 2155 3064 ex
2198 3023 2521 3080 unaquaque
2558 3025 2623 3064 re
2648 3009 2793 3064 nude
2830 3013 3011 3065 sumta
3050 3009 3187 3064 nihil
3230 3009 3323 3065 de-

1735 3098 1859 3155 duci
1910 3101 1970 3154 et
2016 3097 2277 3170 explicari
2306 3101 2509 3170 potest,
2560 3085 2725 3170 quam
2764 3098 3157 3154 attributorum
3204 3097 3325 3167 ejm

1733 3187 2211 3244 constitutivarum
2242 3185 2553 3242 varietates.

1824 3276 1917 3332 lv,
1972 3275 2115 3331 Hine
2152 3273 2321 3331 etiam
2362 3275 2523 3332 facile
2554 3273 2865 3345 judicamus
2904 3273 2963 3327 in
3002 3273 3325 3330 molendino

1735 3365 1925 3438 aliquo
1966 3365 2053 3420 vel
2100 3363 2386 3436 horologio
2414 3365 2561 3421 nude
2597 3367 2795 3425 sumto,
2834 3363 3046 3418 nullum
3098 3361 3325 3436 reperiri

1737 3453 2061 3529 principium
2100 3454 2400 3526 percipiens
2415 3496 2432 3528 ,
2488 3453 2622 3526 quid
2669 3453 2729 3508 in
2778 3451 2898 3525 ipso
2928 3451 3053 3524 fiat·
3089 3456 3147 3508 et
3186 3449 3325 3508 nihil

1737 3547 1922 3617 refert,
1951 3542 2129 3599 solida
2159 3543 2288 3615 sint,
2318 3559 2392 3599 an
2428 3542 2617 3615 fluida,
2660 3542 2745 3598 vel
2784 3557 2857 3596 ex
2896 3541 3139 3613 utrisque
3174 3555 3323 3598 com-

1737 3633 1936 3706 posita,
1978 3647 2121 3703 quae
2158 3631 2216 3686 in
2246 3631 2497 3686 niachiua
2524 3631 2808 3686 habentur.
2895 3631 3069 3688 Porro
3104 3630 3325 3706 scimus,

1739 3721 1881 3776 inter
1908 3733 2141 3792 corpora
2168 3735 2353 3775 crassa
2380 3723 2437 3773 et
2475 3718 2701 3775 subtilia
2727 3717 2939 3773 nullum
2978 3733 3097 3772 esse
3134 3713 3325 3773 ‹riseri-2

1737 3823 1863 3865 meu
1892 3807 2197 3877 essentiale,
2228 3807 2323 3862 sed
2352 3805 2741 3877 magnitudinis
2770 3810 2999 3861 tannim.
3051 3803 3213 3861 Unde
3240 3819 3325 3860 se-

1737 3897 1943 3970 quitur,
1988 3894 2035 3950 si
2072 3894 2287 3968 concipi
2327 3910 2440 3950 non
2482 3899 2680 3967 potest,
2722 3893 3001 3966 quomodo
3036 3894 3097 3948 in
3137 3893 3325 3966 aliqua

1739 3983 1991 4042 machina
2038 3999 2237 4055 crassa,
2288 3987 2581 4055 utcumque
2629 3997 2703 4038 ex
2758 3981 2939 4038 fluidis
2988 3985 3084 4038 aut
3124 3982 3325 4039 solidis

1736 4073 2043 4148 composita
2092 4071 2301 4129 oriatur
2348 4073 2659 4145 perceptio,
2722 4071 2893 4126 etiam
2946 4069 3161 4144 concipi
3212 4083 3325 4130 nou

1737 4181 1917 4239 posse,
1942 4161 2222 4236 quomodo
2234 4161 2509 4235 perceptio
2530 4177 2603 4216 ex
2624 4159 2873 4216 unehine
2884 4159 3325 4216 subtiliat-coria·

1573 4252 1654 4308 ni·
1738 4258 1847 4327 tur,
1892 4267 2022 4311 nam
2051 4253 2098 4307 si
2130 4251 2301 4307 etiam
2330 4263 2517 4306 seusus
2559 4249 2735 4305 nostri
2770 4249 3083 4305 subtiliores
3116 4251 3319 4322 ment,

1739 4359 1824 4400 res
1853 4341 2079 4416 perinde
2106 4343 2268 4414 foret,
2297 4355 2363 4396 ac
2392 4339 2437 4394 si
2467 4337 2776 4395 machinam
2802 4351 3042 4394 crassam
3082 4337 3325 4411 percipe-

1737 4447 1941 4503 remus,
1970 4434 2032 4487 ut
2062 4445 2202 4487 nuuc
2230 4429 2475 4486 facimus.
2563 4427 2751 4500 Itaque
2788 4443 2893 4499 pro
2930 4431 3081 4482 certo
3110 4427 3323 4490 liaben-

1737 4521 1869 4577 dum
1908 4525 2007 4594 est,
2048 4535 2123 4575 ex
2160 4519 2281 4574 solo
2318 4516 2712 4590 mechanismo,
2754 4531 2849 4572 seu
2887 4515 3119 4571 materia
3151 4515 3321 4589 nuda,

1737 4607 1961 4681 eiusque
2028 4607 2522 4664 modificationibus
2584 4605 2989 4679 perceptionem
3056 4605 3322 4679 explicari

1736 4715 1848 4754 non
1877 4713 2057 4771 posse,
2088 4711 2199 4751 non
2236 4695 2427 4770 magiS,
2458 4710 2621 4767 quam
2650 4694 2978 4768 principium
3008 4693 3239 4750 actionis
3264 4696 3323 4748 et

1738 4789 1940 4930 {1¹02OE
1934 4874 2009 4930 Et
2034 4870 2265 4949 proinde
2300 4871 2703 4928 admittendum
2744 4876 2828 4927 est
2866 4869 3077 4943 aliquid
3104 4825 3319 4944 praem·

1739 4963 2045 5036 materiam,
2104 4960 2251 5035 quod
2292 4961 2367 5017 sit
2416 4965 2537 5018 tam
2570 4960 2897 5034 principium
2938 4955 3315 5032 perceptionis,

67 5048 242 5122 nuda,
271 5049 382 5107 loei
403 5051 794 5122 magnitudinis
809 5057 870 5109 et
889 5053 1092 5127 figurae
1111 5053 1398 5110 varietates
1419 5051 1653 5127 liabens,
1735 5069 1832 5110 seu
1859 5051 2093 5110 actionis
2118 5051 2381 5125 internae,
2410 5065 2575 5123 quam
2604 5053 2805 5119 motus,
2833 5063 2926 5104 seu
2954 5044 3183 5104 actionis
3220 5057 3319 5098 ex-

65 5137 210 5195 ιιιιίι
247 5139 402 5196 alius
441 5141 572 5197 inde
603 5139 799 5198 ειαιωι
839 5147 896 5197 ot
931 5143 1194 5216 explicari
1233 5146 1434 5215 posset,
1483 5154 1696 5217 qnam

64 5228 488 5304 mamimus,
515 5230 578 5288 id
601 5233 704 5306 est,
735 5229 888 5305 ulus,
925 5235 1114 5306 quales
1149 5232 1391 5291 diximus
1421 5233 1654 5292 vai-ieta-

1738 5148 1942 5200 ternae.
2030 5141 2103 5197 Et
2155 5142 2263 5197 tale
2313 5139 2642 5212 principium
2692 5136 3028 5232 appellamus
3066 5131 3319 5232 substan-

1734 5229 1887 5306 tiile,
1912 5233 2051 5290 item
2078 5230 2195 5288 vim
2234 5228 2571 5305 primitivam
2596 5206 3009 5370 ἔνθτὲλοχειαν
3026 5235 3149 5290 την
3167 5203 3320 5293 aizoni-
