3717 5850
979 279 1256 345 LXXXI.
1339 280 1696 345 Evls'mm
1737 280 1849 341 AD
1888 278 2397 346 *LINGIUM-
3186 282 3318 351 677

37 442 172 497 pes,
214 421 522 505 eepcndant
547 437 624 481 on
651 438 689 480 a
715 434 956 481 reconna
982 422 1062 479 les
1091 424 1258 496 petits
1283 440 1446 499 coqu
1472 429 1644 483 avant
1820 425 1913 481 Au
1940 426 2113 499 reste,
2146 440 2283 482 vous
2310 441 2446 485 aves
2472 426 2687 503 raison,
2716 426 3023 503 Monsicar,
3050 427 3121 489 de
3154 430 3317 490 m’at·

37 514 166 568 leur
201 510 556 583 decouverte3
597 514 653 566 et
691 510 836 565 ainsi
875 526 952 566 on
993 516 1124 583 peut
1161 513 1276 567 fort
1323 511 1454 569 bien
1494 512 1644 569 aussi
1727 512 1942 569 tribuet
1970 512 2107 567 dans
2135 515 2489 583 ceu-agmcnt
2516 531 2605 571 uu
2634 520 2825 573 reste
2852 517 2935 573 de
2962 516 3319 578 Gai-tesia·
3391 539 3398 546 ·

39 598 208 655 avoir
259 597 432 671 prevu
483 599 562 654 les
611 597 778 671 petits
805 598 1101 669 auimaux,
1141 614 1360 659 comme
1407 600 1644 659 Demo·
1725 601 1979 669 nisui-03
2031 614 2127 655 car
2170 588 2391 669 j’avoue
2418 616 2529 673 que
2548 596 2881 677 j’approuve
2905 621 3013 663 une
3040 606 3217 679 partie
3244 608 3321 665 da

37 686 230 741 crite
258 702 296 743 a
315 684 490 758 prevu
521 685 604 740 les
633 683 828 741 etoiles
853 684 1178 741 iuoensibles
1217 687 1356 743 dans
1384 688 1439 744 la
1461 686 1646 745 'Voie
1724 689 1781 744 la
1831 684 2079 744 doctrine
2125 686 2225 742 des
2251 686 2577 747 Gartesiens.
2666 692 2813 747 Mais
2850 708 2985 750 mon
3028 695 3319 753 sentiment

33 774 146 828 lac
163 771 308 845 tec,
358 777 527 829 avant
567 773 624 828 la
655 770 986 829 decouverte
1021 773 1122 829 des
1161 773 1476 847 telescopcs.
1562 775 1641 832 La
1725 792 1821 833 sur
1847 776 1905 833 le
1930 789 2235 831 commerce
2263 776 2333 831 de
2360 776 2530 833 l'ame
2566 782 2625 833 et
2648 778 2723 834 du
2752 796 2913 853 corps
2940 795 2978 835 a
3006 780 3103 837 des
3130 784 3321 839 tende-

33 862 244 932 simple
272 861 652 917 conservation
685 861 756 916 de
783 860 838 915 la
867 856 1116 934 mutiero,
1151 878 1224 917 ou
1251 862 1346 917 des
1375 860 1636 937 clemens,
1727 880 1885 921 mens
1923 860 2327 932 genemlement
2354 880 2513 933 recus
2526 903 2543 938 ,
2583 870 2753 922 avant
2802 868 2861 922 la
2908 868 3191 926 naisaance
3240 870 3319 929 du

33 964 107 1005 ne
147 946 340 1019 parcit
379 964 480 1021 pas
509 948 694 1003 suffire
721 962 866 1019 pour
895 948 1179 1021 expliquer
1207 950 1458 1005 l'Auteur
1487 951 1556 1006 de
1585 950 1642 1007 la
1726 949 2171 1009 Cartesianisme.

33 1032 294 1110 Dicte,
335 1036 600 1107 quoiqu’il
629 1035 716 1092 dit
743 1034 1131 1109 positivement
1169 1030 1500 1108 qu'aucun
1551 1038 1640 1093 vi·
1811 1039 1897 1095 La
1936 1038 2125 1095 feuille
2162 1041 2245 1095 est
2289 1038 2501 1111 pleine,
2542 1044 2599 1097 et
2630 1039 2693 1109 ,ie
2718 1056 2791 1095 ne
2818 1040 2943 1113 puis
2970 1040 3187 1111 ajouter
3210 1040 3323 1118 quo

33 1127 216 1195 rant
260 1140 342 1179 ne
371 1128 622 1197 menn,
663 1128 722 1179 et
747 1121 1162 1193 generalement
1189 1126 1508 1197 qu'ancun
1536 1123 1642 1181 ve-
1725 1142 1788 1183 ce
1807 1114 1949 1199 qu'il
1976 1127 2095 1182 faut
2122 1141 2265 1199 pour
2290 1140 2549 1199 mai-quer
2572 1142 2681 1199 que
2702 1126 2765 1197 je
2790 1127 2905 1185 mis
2931 1145 3065 1187 avec
3090 1127 3229 1206 sele,

33 1210 320 1266 ritable
367 1210 520 1267 titre
569 1211 818 1280 (aucune
843 1210 1172 1283 substance)
1221 1228 1305 1269 ne
1356 1213 1644 1271 sauroit
1811 1212 2129 1288 monsieur,

33 1295 315 1371 naitre,
367 1298 438 1353 ui
481 1297 694 1373 perir.
783 1298 881 1355 S'il
919 1299 1202 1355 entendoit
1237 1300 1294 1357 la
1331 1300 1481 1357 seule
1509 1316 1642 1359 con·
1743 1330 1748 1336 ·
2269 1300 2491 1357 Votre
2530 1295 2719 1357 tres-
2705 1366 2713 1373 ⁴
2738 1300 3023 1359 humble
3052 1307 3121 1362 et
3148 1300 3323 1363 tres-

35 1386 328 1441 servation
355 1384 426 1441 de
453 1384 510 1442 la
537 1382 800 1459 mutiero,
828 1402 900 1442 en
927 1386 1256 1459 parleroibil
1283 1387 1466 1445 ainsii
1552 1388 1642 1445 Du
2417 1385 2795 1446 obeissant
2830 1390 3205 1467 serviteur‚

33 1471 226 1528 moins
275 1472 814 1547 ilfaudraavouer,
864 1468 1646 1549 qu‘encecassesparolcs
2801 1474 3185 1539 Leibniz.

31 1558 498 1619 comuni-t
523 1560 714 1619 nim
741 1558 776 1617 i
803 1576 938 1618 mon
965 1560 1236 1638 systema,
1266 1562 1434 1638 qa’an
1459 1563 1598 1621 ιῑω.
1678 1542 1688 1627 Ι

1268 1826 1311 1833 -—
1343 1825 1409 1833 --
1438 1825 2070 1835 —a—-ss-—v———a—-ffl

1468 2107 1893 2202 LXXXI.

576 2294 1343 2416 EPISTOLA
1415 2295 1638 2416 AD
1713 2204 2794 2417 BOERJLINGIUM.

1632 2572 1703 2580 --ἡ
1713 2572 1844 2580 ———-

1467 2678 1926 2767 1-711.

304 3018 500 3085 (anisi.
533 3022 600 3070 ad
635 3021 820 3070 «livera.
856 3021 937 3071 ecl.
972 3020 1220 3068 Korthelt.
1292 3019 1411 3070 Vol.
1446 3021 1534 3069 lv.
1571 3033 1623 3078 p.
1659 3021 1746 3070 46.
1817 3019 1993 3070 Lollia.
2030 3022 2155 3079 opp.
2194 3021 2273 3070 ed.
2307 3023 2519 3074 natans.
2592 3025 2734 3073 Tem.
2771 3022 2817 3072 V
2872 3036 2921 3084 p.
2958 3023 3115 3080 8⁶18).

133 3311 190 3368 1.
219 3312 456 3366 Gratum
483 3310 576 3362 est
605 3305 940 3379 intelligere,
970 3306 1119 3378 quod
1149 3305 1252 3363 tibi
1285 3317 1398 3363 non
1425 3305 1655 3364 omnino
1695 3323 1703 3379 ς
1741 3311 1801 3365 et
1827 3307 2052 3382 similia,
2082 3325 2197 3366 non
2226 3307 2393 3366 habet
2420 3325 2585 3384 opus,
2628 3313 2693 3368 ut
2718 3313 2837 3368 tam
2862 3311 3029 3382 longe
3056 3311 3337 3388 procedat,

33 3396 436 3472 displicuerint
481 3393 1078 3450 animadversiunculae
1128 3408 1284 3450 meae
1333 3396 1655 3466 qualescun-
1695 3394 1701 3421 ¹
1742 3411 1911 3469 quam
1938 3396 2237 3470 chyrninus,
2264 3397 2361 3469 qui
2390 3397 2561 3453 etiam
2582 3398 2755 3471 salia,
2796 3397 3091 3474 sulphura,
3122 3400 3343 3473 aliique

35 3501 182 3558 que.
269 3484 426 3542 Circa
455 3481 713 3552 physicas
753 3481 1244 3537 demonstrationes
1283 3483 1516 3538 fortasse
1543 3499 1657 3538 non
1743 3484 1802 3538 in
1841 3487 1992 3540 terra
2030 3489 2288 3541 contenta
2324 3485 2637 3542 examinat·
2688 3489 2751 3542 at
2790 3485 3061 3556 Physicus
3096 3490 3157 3544 in
3194 3489 3341 3560 ipso-

39 3573 412 3630 dissentimus
425 3610 444 3645 ,
475 3571 536 3626 et
563 3567 770 3626 videris
799 3573 1040 3624 mentem
1065 3584 1252 3626 meam
1279 3570 1458 3644 aliter,
1491 3585 1658 3642 quam
1745 3587 1870 3626 rum
1910 3571 2109 3628 salium
2150 3570 2585 3644 sulphurumque
2636 3574 3057 3632 constitutiones
3100 3573 3343 3648 amplia·

37 3660 292 3732 vellem,
329 3657 631 3732 accepisse,
674 3655 1056 3713 conmndendo
1093 3659 1390 3730 perfectam
1431 3662 1660 3714 naturae
1701 3657 1978 3766 inquirit
2036 3663 2093 3714 et
2142 3659 2387 3714 rationes
2438 3659 2939 3730 phaenomenornm
2996 3661 3341 3718 medisnicas

41 3749 429 3818 cognitionem
465 3761 591 3800 cum
628 3743 1221 3819 demonstrationibus,
1267 3745 1465 3818 quibus
1493 3761 1660 3818 quae·
1701 3728 2055 3817 'investigat
2142 3746 2265 3802 Etsi
2304 3749 2493 3802 autem
2528 3746 2777 3802 nondum
2820 3747 2955 3804 satis
2982 3749 3073 3804 hic
3098 3749 3341 3820 profece-

45 3838 190 3892 dam
232 3834 350 3903 eius
388 3833 770 3905 phaenomena
797 3832 1158 3904 explicantur.
1247 3833 1507 3889 Nondum
1537 3850 1659 3906 per·
1747 3834 1949 3908 rimus,
1981 3848 2094 3890 nou
2122 3832 2249 3890 ideo
2288 3837 2477 3889 tamen
2518 3833 2735 3889 animus
2774 3837 2861 3890 est
2900 3834 3341 3909 despondendus,

43 3927 198 3980 fecte
237 3921 490 3977 novimus
519 3923 774 3976 naturam
799 3920 1046 3975 colorum
1062 3959 1078 3992 ‚
1128 3923 1186 3974 et
1211 3923 1397 3975 tamen
1427 3921 1657 3976 demon·
1745 3937 1919 3994 quum
1967 3921 2117 3994 ipsae
2166 3919 2367 3976 salium
2414 3920 2623 3993 figurae
2670 3920 2873 3978 ducant
2920 3922 2993 3978 ad
3043 3922 3345 3978 mechanis-

47 4011 292 4066 strative
340 4009 678 4080 explicamus
726 4006 939 4062 iridem.
1029 4005 1245 4062 Dantur
1309 4007 1373 4062 in
1408 4008 1657 4078 Physicis
1744 4024 1917 4065 mum.
2006 4009 2263 4066 Eruimus
2300 4007 2579 4064 interdum
2604 4024 2829 4066 caussas
2854 4009 3145 4067 interiores
3173 4013 3235 4066 et
3258 4009 3343 4064 in-

47 4096 581 4167 demonstrationes,
624 4094 783 4151 verbi
813 4092 992 4167 gratia
1022 4095 1165 4149 circa
1195 4099 1406 4151 motum
1423 4137 1440 4169 ‚
1478 4095 1658 4168 gravi-
1745 4095 2019 4168 visibiles,
2072 4095 2169 4152 sed
2214 4113 2331 4152 non
2378 4095 2505 4153 idco
2552 4097 2781 4154 intimas
2820 4102 2879 4153 et
2928 4113 3137 4154 omnes.
3225 4095 3343 4154 Nec

51 4191 255 4259 tatem,
290 4185 402 4240 vim
431 4183 730 4255 elastioem,
761 4183 874 4237 vim
903 4183 1290 4255 magneticam,
1322 4199 1510 4256 sonos,
1539 4201 1657 4239 cor·
1748 4186 1871 4241 sola
1922 4184 2265 4260 inductione,
2317 4183 2415 4240 sed
2454 4185 2622 4240 etiam
2660 4185 3081 4244 ratiocinatione
3118 4185 3342 4241 utimur.

49 4291 199 4348 pora
249 4271 507 4328 eoelestia
523 4311 542 4344 ‚
600 4269 894 4326 nonnullos
943 4269 1112 4324 etiam
1177 4273 1428 4343 corporis
1486 4271 1660 4327 nostri
1748 4273 1899 4328 Haec
1928 4272 1976 4327 si
2007 4273 2117 4328 tuis
2144 4276 2409 4345 conferes,
2440 4273 2673 4344 videbiS,
2702 4273 2763 4328 ni
2792 4273 2975 4348 fallor,
3005 4273 3237 4346 singulis
3256 4288 3344 4328 sa-

53 4361 482 4431 medianimos,
513 4363 568 4415 et
596 4359 740 4430 alia3
783 4358 915 4413 dum
958 4356 1162 4413 scilicet
1190 4359 1576 4415 mathematica
1605 4363 1661 4415 et
1751 4361 2047 4416 tisfactum.
2135 4359 2369 4430 Subjicis
2396 4361 2645 4432 tandem,
2676 4376 2845 4432 genus
2874 4361 3175 4418 humanum
3204 4375 3343 4418 nun·

53 4447 440 4521 metaphysica
480 4461 604 4502 eum
651 4443 1126 4503 observationibus
1156 4447 1506 4502 sensibilibus
1533 4463 1661 4503 con·
1750 4462 1916 4521 quam
1955 4448 2029 4504 ad
2071 4449 2366 4520 perfectam
2396 4453 2627 4504 naturae
2654 4449 3025 4519 coguitionem
3054 4453 3343 4523 perventu-

49 4537 378 4608 junguntur.
466 4533 588 4589 Etsi
616 4537 801 4591 autem
832 4533 1073 4607 perfecte
1102 4550 1328 4590 noscere
1356 4551 1472 4590 non
1502 4535 1664 4590 liceat
1750 4551 1893 4590 rum.
1939 4534 2045 4592 Sed
2072 4535 2195 4606 quis
2225 4551 2467 4608 unquam
2498 4551 2603 4592 nos
2632 4551 2700 4592 eo
2722 4541 3079 4610 perventuros
3098 4535 3343 4594 somnia·

57 4625 262 4680 intima
293 4626 548 4693 naturae,
591 4623 721 4693 quia
749 4621 852 4676 sub
883 4619 1246 4677 divisionibus
1275 4621 1621 4694 procedunt·
1605 4639 1664 4678 in
1751 4622 1872 4678 vit‘l
1963 4621 2057 4678 An
2084 4622 2213 4679 ideo
2240 4623 2419 4680 nullas
2448 4623 2648 4680 habere
2675 4639 2967 4696 possumus
3002 4623 3345 4680 demonstra·
3340 4631 3357 4647 ·

57 4711 337 4767 infinitum
352 4752 368 4785 ,
409 4725 532 4782 spes
571 4713 758 4765 tamen
795 4713 878 4765 eet
906 4709 1082 4778 magis
1113 4711 1388 4781 penetrari
1415 4727 1574 4783 posse
1603 4710 1664 4766 in
1705 4710 1971 4802 itiones.
1949 4711 1975 4750 ²
2066 4709 2165 4766 Est
2194 4711 2404 4783 aliquid
2431 4711 2655 4784 prodire
2685 4715 2861 4768 tenus.
2934 4712 3230 4769 Possumus
3258 4710 3344 4765 in-

65 4797 361 4872 interiora,
393 4797 472 4853 uti
495 4796 618 4866 jam
648 4799 828 4853 facere
856 4795 1166 4870 coepimus,
1209 4796 1380 4869 idque
1412 4798 1662 4855 maximo
1703 4756 1710 4927 ξ
1750 4798 1905 4870 gredi
1946 4797 2003 4852 in
2044 4797 2280 4872 atrium,
2332 4795 2439 4858 etsi
2490 4800 2549 4857 in
2575 4799 2893 4858 cubiculum
2919 4803 3019 4856 aut
3044 4796 3345 4855 sacrarium

65 4888 244 4943 fructu
275 4886 356 4943 rei
388 4885 772 4942 oeconomicus
811 4888 868 4940 et
896 4883 1140 4939 medicae
1169 4885 1277 4941 fiet.
1363 4884 1499 4942 Sunt
1542 4886 1661 4958 qui·
1705 4901 1863 4942 non
1890 4885 2264 4942 admittamur.

65 4973 194 5030 dam
225 4976 286 5029 in
315 4972 642 5047 inquirendo
672 4971 891 5042 gradus.
936 4971 1044 5029 Ex.
1067 4987 1149 5041 gr.
1181 4971 1503 5028 architectus
1530 4990 1660 5030 con-
1837 4973 1909 5028 11.
1941 4974 2170 5038 Quaeris
2207 4974 2277 5030 de
2316 4974 2479 5032 rebus
2506 4974 2803 5048 spirituum
2830 4972 2919 5027 vel
2948 4972 3133 5043 potius
3160 4968 3277 5024 de
3260 4985 3346 5025 in-

67 5065 247 5120 tentus
278 5062 340 5118 in
369 5066 518 5120 terra
547 5060 883 5134 distinguere
897 5060 1184 5136 sabulum,
1214 5060 1486 5139 argillam,
1520 5077 1660 5118 saxa
1747 5062 2027 5136 corporeis
2042 5101 2061 5139 ,
2096 5062 2318 5138 aisque,
2348 5059 3068 5206 nos-vidergssmcchanicam
3100 5056 3345 5133 parumn
