3717 5850
902 347 1087 410 xvn.
1130 349 1631 410 lN'mODUcrlo
1662 349 1741 410 IN
1770 350 2046 410 PAGlDH
2070 350 2479 410 SPECIMINA.
3223 340 3308 410 91

39 557 42 572 ,
98 511 177 568 que
198 489 543 550 incommoda
578 491 937 566 reperiuntur,
966 493 1163 550 modus
1196 492 1487 552 habebitm·
1502 529 1509 536 .
1522 509 1637 552 ma·
1737 498 1904 552 neate
1929 509 2118 550 ancre
2143 497 2481 566 argumenta,
2509 491 2707 566 quibus
2743 493 2993 565 quaestio
3031 491 3312 568 proposita

94 582 403 656 gnitudinem
450 579 711 654 cujmque
748 581 1073 654 explorandi
1110 585 1275 655 atque
1312 582 1635 640 aestimandi
1737 582 2008 657 definitur,
2037 582 2154 638 imo
2181 585 2238 638 et
2265 583 2338 638 ad
2355 585 2532 640 artem
2557 579 2872 638 inveniendi
2890 582 3128 655 pertinet
3151 597 3313 639 nosse

95 677 153 744 ut,
188 669 509 744 comparatis
546 669 837 743 utrimque,
880 671 1031 728 velut
1068 670 1275 746 accepti
1302 671 1635 744 expensique
1737 675 1974 730 formare
1999 670 2370 744 quaestiones,
2409 671 2500 728 vel
2535 671 2682 742 quod
2717 670 2912 728 eodem
2949 670 3110 744 redit,
3149 687 3312 728 nosse

94 760 291 832 tabulis,
338 760 411 818 de
458 775 673 816 summa
720 757 951 832 potioris
994 760 1393 834 pronuntietur.
1486 761 1635 818 Haec
1734 761 2018 818 instituere
2043 759 2466 833 observationes,
2497 775 2656 835 nosse
2683 774 2896 816 sumere
2921 759 3310 833 experimenta.

94 855 197 904 snt
231 849 327 906 illa
360 847 623 922 pondera,
662 847 721 904 hi
756 847 987 920 moduli,
1026 848 1225 920 quibus
1250 847 1525 906 rationem
1548 848 1633 904 uti
1733 849 1912 919 Hujus
1939 848 2074 905 artis
2101 848 2346 905 nondum
2383 847 2618 904 traditae
2642 845 2760 906 vim
2795 851 2960 918 atque
2997 847 3314 921 amplitudi-

95 938 213 995 dixit
234 940 415 1010 poeta,
444 935 543 992 sed
566 937 827 994 hactenus
854 952 1049 1009 parum
1072 936 1297 1010 exactis,
1328 953 1429 994 nec
1454 937 1633 1010 signa·
1734 953 1865 996 nem
1913 954 1984 996 eo
2033 937 2287 1011 perspexi
2335 935 2536 1010 magis,
2589 950 2700 1008 quo
2747 934 2957 1004 majore
3003 937 3186 994 studio
3233 935 3310 992 ab

94 1027 151 1082 tis
173 1025 449 1098 publicave
464 1023 764 1082 autoritate
790 1029 889 1080 aut
914 1029 1063 1082 certa
1088 1029 1222 1082 nota
1248 1024 1631 1099 comprobatis.
1734 1027 1962 1084 ineunte
1987 1029 2166 1082 aetate
2192 1024 2384 1084 solitus
2409 1041 2532 1081 sum
2567 1041 2656 1081 res
2695 1023 2917 1098 proprio
2945 1022 3126 1081 Marte
3160 1025 3312 1081 inve-

94 1116 359 1186 actuum,
388 1114 855 1186 quemadmodum
876 1113 1072 1182 judicii
1110 1118 1195 1170 est
1220 1113 1283 1170 in
1308 1129 1509 1188 magno
1546 1129 1633 1170 ar·-
1734 1115 1950 1188 stigare,
1977 1131 2104 1172 cum
2131 1114 2392 1186 singulari
2414 1112 2672 1170 felicitate
2691 1128 2832 1186 pene
2857 1111 3056 1186 inflans,
3085 1113 3312 1170 lenitate

96 1207 439 1276 gumentorum
474 1202 889 1275 multiplicum,
929 1203 1005 1259 ab
1042 1201 1167 1260 aliis
1214 1205 1387 1260 forte
1394 1203 1634 1277 prolato-
1735 1207 2148 1278 praeceptorum
2173 1219 2319 1276 usus,
2355 1219 2482 1258 meo
2509 1201 2631 1275 ipso
2657 1200 2886 1258 consilio
2912 1205 3076 1274 atque
3103 1201 3312 1276 impetu

94 1309 209 1364 rum,
232 1291 505 1366 conflictu,
536 1291 815 1350 rationum
841 1283 947 1348 rite
983 1291 1393 1348 aestimatas-um
1420 1291 1635 1348 tabulas
1734 1293 1911 1352 bonos
1939 1296 2157 1350 autores
2177 1290 2302 1361 jam
2337 1291 2602 1366 legebam,
2645 1289 2741 1362 qui
2777 1289 2904 1348 huic
2939 1289 3110 1348 aetati
3147 1289 3312 1365 plane

96 1380 337 1438 evidenter
360 1380 625 1438 ordinare
648 1380 723 1438 ad
746 1379 1151 1438 conclusionem
1182 1381 1511 1454 habendam,
1552 1380 1635 1436 ita
1736 1381 2146 1441 interdicuntur.

96 1468 603 1528 iurationisestex
640 1485 823 1528 rerum
859 1469 1155 1528 visceribus
1192 1469 1409 1528 minine
1444 1469 1635 1527 admo·

1324 1739 1394 1748 u—-
1416 1739 1503 1745 --—
1543 1739 1567 1744 --
1586 1738 1642 1744 -----.⁷
1672 1737 1960 1746 ---...-.-—-----

1528 1989 1817 2082 XVll.

1126 2175 1231 2246 m
1287 2169 1825 2246 sPEcmmA
1875 2167 2250 2244 PAclnn

524 2340 1752 2464 INTRODUCTIO
1814 2293 2840 2496 ‚HISTORICJQ

417 2655 505 2710 (Ι
538 2653 735 2700 schedia
766 2653 966 2700 taedius
1000 2653 1333 2713 hainonii,
1382 2663 1513 2708 quae
1548 2651 1599 2698 in
1643 2651 1950 2700 Bibliotheca
1985 2649 2146 2706 nesta
2187 2649 2524 2696 umoreraua
2555 2643 2935 2698 metrum.)

1473 2780 1588 2789 *—

160 2887 551 2946 Wilhelmus
598 2887 926 2945 Pacidius
975 2877 1133 2965 (nam
1170 2888 1242 2946 ab
1279 2888 1382 2947 hoc
1408 2887 1628 2946 homine
1670 2885 1679 3014 l
1726 2846 2102 2961 appellabant,
2139 2897 2266 2940 cum
2301 2885 2545 2938 veterum
2573 2880 2815 2954 cogitata
2850 2877 3090 2936 mascula
3129 2881 3188 2935 et
3223 2877 3306 2934 in·

95 2976 373 3034 ortliendum
402 2978 548 3035 mihi
574 2981 676 3050 est,
704 2993 831 3033 cum
859 2994 1023 3051 saepe
1050 2994 1085 3033 a
1116 2977 1357 3035 minimis
1385 2977 1631 3033 maxima
1728 2975 1914 3049 gentia
1938 2978 1996 3031 et
2020 2972 2259 3030 excitata
2297 2975 2356 3026 et
2379 2972 2530 3027 velut
2554 2968 3010 3042 supereminentia
3049 2967 3212 3023 rebus
3247 2970 3308 3022 et

94 3065 495 3139 profinhmntm)
521 3066 746 3123 natione
772 3066 1093 3139 Germanus,
1132 3066 1311 3141 patria
1338 3066 1630 3141 Lipsiensis
1674 3073 1679 3110 Ι
1728 3076 1950 3121 omnem
1977 3063 2124 3118 vitae
2149 3061 2418 3118 humanae
2443 3062 2678 3115 necuim
2702 3057 2888 3113 velut
2871 3073 2932 3112 ιιι
2953 3054 3142 3112 tabula
3158 3068 3306 3111 com·

94 3154 257 3211 amisso
282 3156 559 3214 maturius
584 3158 825 3229 parente,
847 3156 993 3210 vitae
1012 3160 1237 3229 rectore,
1264 3155 1471 3229 impetu
1496 3170 1631 3228 quo-
1676 3145 1679 3210 Ι
1728 3154 1914 3229 plexa,
1943 3151 2238 3209 dictionem
2266 3152 2450 3204 autem
2469 3146 2772 3203 naturalem
2799 3150 2858 3201 et
2881 3144 3086 3201 claram
3105 3144 3164 3199 et
3179 3158 3308 3245 pro-

97 3240 195 3297 ‹hm
230 3246 393 3301 animi
420 3244 505 3301 ad
543 3244 821 3300 literarum
850 3243 1030 3300 media
1058 3243 1284 3315 delatus,
1314 3244 1435 3317 pari
1472 3244 1530 3299 in
1560 3242 1631 3298 iis
1678 3271 1699 3338 ἱ.
1730 3243 1992 3299 fluentem
2021 3243 2078 3297 et
2102 3238 2264 3297 rebus
2293 3252 2498 3311 parem,
2527 3234 2690 3309 longe
2717 3233 2855 3290 alios
2895 3236 3078 3289 motus
3103 3230 3305 3287 animis

97 3328 306 3389 libertate
332 3332 675 3391 versabatur.
760 3332 907 3388 Nam
932 3348 1057 3388 cum
1084 3332 1410 3389 domesticae
1437 3331 1633 3389 biblio-
1679 3344 1683 3352 ·
1732 3332 2048 3405 ingenerare
2087 3326 2440 3385 meminisset.
2525 3323 2654 3381 Fuit
2702 3323 2805 3379 hoc
2848 3321 3137 3379 discrimen
3189 3323 3306 3375 tam

94 3418 245 3476 iliacae
258 3422 727 3496 opportunitatem
744 3421 983 3493 haberet,
996 3420 1234 3479 abdebat
1253 3438 1311 3476 se
1332 3421 1388 3478 in
1412 3438 1476 3477 ea
1487 3424 1631 3476 totos
1731 3418 1996 3491 notabile,
2026 3423 2090 3475 ut
2117 3433 2190 3473 ex
2217 3431 2284 3471 eo
2313 3420 2558 3487 tempore
2595 3413 2706 3468 duo
2733 3411 2840 3467 sibi
2869 3410 3148 3467 axiomata
3175 3424 3305 3464 con-

96 3522 227 3579 ωερε
244 3510 349 3567 dies
369 3510 859 3585 muniamur-,et
876 3509 1105 3565 vixdum
1124 3509 1294 3566 iatine
1304 3508 1629 3585 balbutiens,
1730 3508 2007 3565 stitueret-
2050 3520 2308 3580 quaerere
2353 3518 2566 3575 semper
2601 3500 2660 3557 in
2699 3499 2931 3557 verbis
2977 3496 3306 3569 caeter-isque

96 3594 255 3653 obvios
270 3614 509 3699 quosque
538 3598 713 3655 libros
740 3614 885 3654 nunc
907 3596 1204 3671 arripiebat
1226 3614 1373 3654 nuuc
1401 3598 1634 3671 depone-
1733 3596 1908 3653 ariimi
1931 3595 2102 3668 signis
2129 3592 2446 3662 claritatem,
2476 3590 2538 3645 in
2577 3587 2782 3645 rebus
2819 3602 2994 3643 usum.
3063 3587 3308 3651 Quorum

95 3682 249 3756 haget
262 3688 371 3745 sine
386 3689 605 3746 delectu
625 3687 871 3761 aperiens
890 3687 1251 3758 claudensque
1262 3702 1405 3742 nunc
1422 3686 1635 3742 libabat
1732 3684 1871 3742 illud
1893 3688 2082 3757 postea
2101 3680 2282 3738 omnis
2311 3696 2338 3749 J
2323 3676 2564 3736 “udici
2548 3693 2602 3750 1,
2643 3676 2748 3732 hoc
2779 3674 3110 3732 inventionis
3147 3672 3307 3729 basin

92 3771 293 3847 aliquid,
320 3793 461 3835 nunc
498 3775 888 3851 tranaeiliebat,
918 3779 1084 3848 prout
1110 3774 1355 3831 claritate
1382 3774 1635 3831 dictionis

91 3866 176 3915 πῖ
198 3861 517 3930 jucmiditate
560 3866 865 3938 argumenti
893 3864 1245 3920 invitabatur.
1308 3862 1637 3919 credidisses
1732 3876 1847 3917 non
1894 3859 2028 3915 satis
2076 3854 2328 3913 distincte
2377 3852 2753 3926 explicassent,
2809 3854 2973 3923 atque
3007 3850 3070 3905 iu
3111 3846 3305 3905 ultima

91 3963 205 4005 eum
214 3953 411 4011 fortuna
422 3953 997 4029 propraeceptoreuti‚
1008 3958 1173 4025 atque
1180 3952 1315 4009 illud
1327 3950 1485 4007 Tolle
1493 3952 1635 4025 Lege
1731 3946 2000 4007 elementa
2017 3945 2376 4016 resolvissent,
2397 3941 2538 3998 alios
2556 3940 2726 3995 etiam
2743 3938 3144 4013 experimentis,
3165 3950 3307 4009 quae

92 4036 181 4094 ribi
206 4040 395 4099 dictum
420 4048 642 4119 putare.
728 4042 867 4099 Erat
894 4042 1047 4099 enim
1072 4042 1255 4099 alieno
1280 4039 1510 4097 consilio
1535 4056 1635 4113 per
1730 4039 1793 4095 in
1820 4051 1988 4095 manu
2015 4035 2306 4105 habebant,
2344 4058 2416 4074 --
2451 4029 2600 4103 quod
2627 4032 2744 4085 arte
2769 4025 3166 4085 combinatoria
3191 4040 3306 4081 me·

94 4126 333 4189 fortumm
378 4131 593 4191 carenti
640 4132 865 4204 propria
902 4146 1001 4203 per
1050 4134 1285 4187 aetatem
1332 4128 1635 4185 necesaria
1682 4065 1687 4190 Ι

95 4219 347 4293 teneritas,
373 4222 467 4279 cui
494 4236 807 4279 succurere
830 4220 979 4277 Deus
1014 4218 1172 4276 solet.
1237 4220 1312 4275 Et
1337 4222 1481 4275 certe
1507 4216 1687 4275 tulit
1732 4216 1872 4288 hic,
1901 4215 2040 4272 illud
2075 4212 2185 4271 cui
2222 4212 2429 4283 bono,
2461 4206 2596 4265 illud
2623 4204 2916 4307 Respice
2940 4205 3152 4262 finem
3188 4218 3306 4259 non

92 4318 227 4379 mu,
254 4314 317 4365 ut
340 4310 403 4367 in
430 4314 645 4367 veteres
664 4309 903 4381 primum
930 4307 1253 4379 incideret,
1235 4324 1298 4365 ιιι
1316 4306 1513 4379 quibus
1540 4306 1638 4363 ille
1682 4297 1687 4380 i
1731 4308 2042 4363 constanter
2067 4302 2396 4372 exercerent,
2436 4326 2508 4339 -
2543 4296 2626 4353 uti
2651 4293 2958 4353 nescivisse.

92 4391 223 4453 initio
246 4398 399 4473 nihil,
432 4398 703 4472 paulatim
730 4397 954 4470 aliquid,
984 4396 1217 4469 denique
1256 4398 1523 4470 quantum
1550 4410 1635 4451 sa-
1682 4391 1687 4400 '
1817 4394 1902 4451 Ita
1937 4392 2212 4451 animatus
2245 4389 2357 4462 ille,
2395 4403 2519 4445 cum
2550 4386 2612 4443 in
2635 4388 2854 4442 coetum
2891 4380 3199 4455 aequalium
3235 4378 3306 4437 de

95 4480 145 4535 fis
176 4491 336 4559 esset,
376 4486 755 4559 intelligebat3
804 4490 975 4559 utque
1022 4485 1085 4543 ιιι
1130 4485 1245 4541 sole
1294 4484 1635 4543 ambulantes
1730 4497 1886 4541 more
1932 4480 2188 4553 venisset,
2238 4495 2342 4553 pro
2390 4479 2636 4535 monstro
2685 4476 2820 4531 erat.
2885 4472 3032 4528 Nam
3067 4469 3304 4543 philoso-

93 4570 227 4631 etiam
248 4576 401 4633 aliud
428 4576 647 4649 agendo
674 4576 1005 4647 colorantur,
1039 4575 1333 4631 tincturam
1358 4566 1633 4647 quandam
1731 4566 1918 4645 phiam
1979 4588 2046 4627 ac
2104 4566 2436 4639 theologiam
2491 4562 2892 4633 scholasticam,
2947 4558 3126 4633 qualis
3175 4564 3308 4617 tuuc

94 4672 179 4717 m
202 4662 457 4721 dictiou’n
484 4668 731 4739 tantum,
772 4664 869 4721 sed
896 4668 953 4721 ct
990 4662 1381 4719 sententiarum
1419 4666 1636 4721 coutra-
1731 4677 1832 4734 pro
1882 4657 2179 4733 sapientiae
2227 4654 2443 4729 fastigio
2491 4652 2658 4726 vulgo
2705 4650 3038 4723 habebatur,
3089 4648 3306 4705 facilem

92 4756 228 4807 xant
312 4754 483 4811 Unde
508 4754 583 4811 ad
606 4753 931 4811 recentiores
958 4753 1141 4809 delato
1168 4752 1465 4809 sordebant
1490 4768 1632 4825 quae
1730 4766 1821 4822 ac,
1885 4748 2056 4805 verba
2109 4750 2326 4803 tantum
2382 4746 2622 4799 comesta
2683 4738 2920 4813 tenenti,
2994 4736 3306 4810 expositam

92 4840 229 4895 unc*
212 4858 271 4897 ιιι
298 4838 539 4900 officinis
562 4843 870 4916 regnabant
894 4842 1165 4899 tumentes
1192 4840 1465 4914 ampullae
1490 4839 1631 4895 nihil

92 4922 381 5023 dicentium,
422 4934 528 4987 aut
574 4932 989 4989 stacticentones
1027 4930 1389 5005 repetentium
1418 4928 1627 4987 aliena.

90 5011 1108 5094 smeainenervisaclacatis,
1148 5018 1267 5076 sine
1304 5018 1629 5075 ulloadvi·

90 5102 183 5159 hm
204 5121 327 5180 usn,
354 5112 585 5183 putares
600 5109 761 5169 alteri
784 5109 1003 5167 andam
1028 5108 1239 5167 mundo
1262 5106 1443 5179 scribi,
1466 5122 1629 5181 quem

90 5187 195 5247 1Πὶ
172 5208 281 5262 ιω
302 5202 433 5257 tum
458 5197 631 5257 modo
658 5198 1069 5275 rempublicam,
1110 5198 1279 5255 modo
1304 5196 1633 5255 Parnassum

1729 4836 1984 4911 exemplo
2042 4852 2144 4893 suo
2215 4832 2567 4904 ostendebat,
2635 4826 2730 4901 qui
2796 4827 2860 4885 ιιι
2917 4842 3120 4883 arcana
3181 4823 3302 4895 qius

1727 4942 1843 4984 non
1909 4924 2022 4983 alio
2091 4921 2392 4998 praesidio,
2457 4920 2821 4995 penetrasset,
2893 4919 3168 4973 caeterum
3236 4914 3302 4969 ut

1728 5013 2152 5090 superficiei-iam
2185 5008 2560 5113 protectuique
2605 5006 2846 5065 humano
2883 5004 3135 5060 inutilem
3170 5016 3300 5059 con·

1726 5104 2024 5163 temnebat.

1817 5194 2032 5251 Interea
2067 5188 2298 5248 feliciter
2345 5184 2542 5245 accidit
2571 5188 2650 5329 lazi
2661 5180 2924 5301 ⁴'consilia
2969 5177 3154 5251 magni
3194 5173 3300 5235 viri

1732 3790 1849 3829 esse
1867 3770 2074 3844 didicit,
2089 3774 2148 3825 et
2164 3769 2447 3841 plerosque
2463 3780 2686 3835 errasse,
2709 3764 2854 3835 quod
2872 3778 2997 3819 suas
3019 3760 3126 3817 sibi
3147 3776 3306 3817 voces
3405 3792 3420 3802 -

1733 4116 1952 4187 diorum
1999 4142 2064 4181 ac
2101 4123 2294 4181 finium
2329 4122 2590 4191 carerent,
2631 4117 2776 4190 quod
2815 4116 2979 4173 illud·
3031 4114 3140 4173 dic
3187 4128 3306 4171 cur
3429 4172 3435 4177 ,
