3717 5850
1118 363 1227 422 XI.
1270 362 1371 424 DE
1398 361 1705 420 cALcUlo
1732 361 2270 422 PHILOSOPHIOO.

3243 353 3334 420 83

117 513 317 585 possunt,
346 507 483 580 quin
510 512 567 564 et
594 504 709 563 IGti
736 505 797 562 in
824 503 1067 578 Digestis
1090 507 1363 578 quaedam
1384 505 1649 563 exhibent
1750 505 2146 564 determinatae
2172 503 2604 576 contingentium
2629 505 2864 581 veritati,
2896 509 2954 562 et
2981 509 3334 562 metamor-

117 617 211 655 rcre
232 598 615 668 demonstrata,
638 593 793 664 cirins
812 595 895 652 rei
914 593 1215 667 specimina
1240 594 1479 668 produxi
1506 595 1648 650 dis·-

116 686 467 743 sertatione
494 685 575 740 de
602 681 1156 755 Conditionibus,
1198 689 1256 738 et
1292 684 1435 740 Joh.
1462 683 1649 739 Suis-

1746 595 1985 669 phosis
2013 611 2115 668 pro
2143 593 2614 665 metempsychosi.

1834 702 2124 758 Duobus
2173 704 2300 755 utor
2341 697 2402 753 in
2445 698 2870 756 demonstrando
2921 699 3332 774 principiis,

116 781 213 846 set,
240 774 409 830 dictus
447 773 785 846 canumet,
828 771 1032 843 amque
1070 775 1195 844 1³0⁸*
1229 772 1437 844 ipsum,
1478 771 1649 828 etiam
1749 807 1983 865 qum-mn
2011 805 2183 844 unum
2211 791 2319 844 ost:
2365 787 2564 842 falsum
2603 806 2719 844 ωε
2745 789 2894 859 quod
2931 788 3179 862 implicat
3203 805 3333 844 con-

116 865 167 918 in
202 861 723 935 metaphysicis,
782 860 980 917 dedere
1038 859 1531 916 demonstrationes
1580 859 1653 916 de

115 952 331 1022 gadibus
364 950 874 1022 intensionibusque
905 949 1237 1022 formarum3
1288 953 1345 1006 et
1381 948 1653 1020 quaedam

115 1055 142 1093 a
162 1039 429 1094 Platonicis
456 1043 517 1095 et
544 1035 911 1094 Aristotelieis
938 1037 1207 1108 dicamur,
1236 1052 1377 1110 quae
1404 1053 1521 1092 non
1548 1037 1653 1093 dis-

117 1129 281 1184 ticnlter
314 1127 797 1184 demonstrationis
838 1129 1017 1183 forma
1066 1126 1223 1183 indui
1262 1131 1506 1199 possunt.
1593 1125 1652 1182 Si

116 1216 295 1271 daretur
318 1217 403 1272 vel
434 1216 685 1288 lingua
711 1215 981 1287 quaedam
1008 1219 1204 1271 exacta
1240 1215 1495 1286 (qualem
1532 1215 1653 1286 qui-

117 1304 215 1360 dam
238 1305 629 1362 Adamicam
657 1307 875 1376 vocant,
914 1303 1003 1359 vel
1041 1304 1237 1360 saltem
1266 1319 1437 1376 genus
1476 1302 1651 1360 scri·

116 1397 315 1465 pturae
371 1409 537 1450 vere
596 1391 1166 1466 philosophicae,
1228 1408 1337 1464 qua
1394 1391 1651 1448 notiones

118 1487 449 1538 revocarentur
490 1483 565 1538 ad
603 1481 1119 1554 Alphabethum
1156 1479 1497 1552 quoddam
1538 1496 1651 1536 co-

117 1569 485 1640 gitationum
512 1571 996 1641 humanarum,
1048 1569 1255 1640 omnia,
1284 1583 1427 1641 quae
1452 1585 1525 1625 ex
1555 1569 1651 1624 da·

118 1657 375 1715 tisratione
403 1659 652 1733 assequi,
692 1656 927 1714 inveniri
954 1661 1177 1732 possent
1202 1658 1501 1730 quodam
1542 1673 1653 1729 ge-

64 1764 73 1774 ·
118 1761 239 1802 nere
270 1747 547 1820 calculi,
588 1746 815 1821 perinde
842 1763 906 1802 ac
932 1747 1281 1802 roeolvuntur
1306 1745 1652 1820 problemata

120 1835 401 1892 aritlimetiea
424 1839 527 1892 aut
556 1834 901 1908 geometrica.

180 1925 337 1996 Atque
370 1941 435 1981 ea
476 1939 615 1984 vera
663 1927 807 1981 foret
853 1923 971 1982 sive
1013 1923 1317 1980 Gabbala
1359 1921 1653 1978 vocabulo-

120 2027 211 2066 rum
244 2013 619 2086 mysticorum,
658 2013 777 2068 sive
803 2012 1260 2068 Arithmetica
1296 2027 1651 2067 numerorum

122 2100 581 2174 Pytlngoricorum,
640 2103 759 2156 sive
810 2099 1409 2158 characteristica
1459 2101 1660 2173 Mago-

118 2203 221 2259 rum,
256 2190 349 2246 hoc
392 2193 477 2246 est
511 2190 854 2264 Sapientum.

182 2277 264 2333 Rei
288 2282 463 2336 tantae
500 2277 872 2352 suspicionem
898 2278 1143 2351 aliquam
1169 2277 1325 2334 hausi
1352 2293 1527 2350 paene
1552 2276 1651 2333 ad·

120 2365 195 2420 huc
216 2383 343 2440 pua,
372 2371 427 2423 et
454 2369 891 2441 qualemcunque
910 2367 1331 2440 desmiptionem
1358 2366 1539 2422 obiter
1564 2363 1649 2420 in·-

57 2473 59 2508 ξ
121 2455 227 2509 senii
258 2455 431 2512 libello
479 2457 563 2513 ab
600 2457 947 2514 adolescente
998 2456 1135 2512 olim
1172 2455 1323 2513 edito
1360 2455 1445 2511 de
1496 2458 1647 2510 arte

120 2543 611 2603 combinatoria.

182 2631 419 2690 Possibile
444 2651 587 2705 esse,
617 2633 733 2689 imo
762 2631 937 2704 facile,
967 2634 1024 2687 et
1050 2632 1199 2688 intra
1224 2632 1435 2704 aliquot
1471 2647 1647 2688 annos

123 2717 175 2774 ab
210 2721 396 2793 aliquot
439 2721 899 2794 intelligentibus,
950 2720 1495 2794 conspirantibusque
1544 2736 1647 2792 pro

122 2823 195 2862 suo
216 2809 371 2880 primo
390 2811 570 2882 gradu
588 2810 1003 2882 absolvendum,
1026 2808 1355 2882 geometrica
1374 2825 1507 2864 sane
1532 2825 1645 2864 cer-

122 2894 303 2955 titudine
326 2915 553 2974 possum
578 2899 967 2956 demonstrare.

184 2987 445 3045 verissima
489 2987 967 3063 pulcherrimaque
1015 2986 1341 3061 compendia
1377 2986 1644 3056 Analy-

124 3073 254 3131 tices
304 3077 491 3149 hujus
562 3076 1137 3149 generalissimae
1196 3076 1644 3131 humanarum

122 3164 575 3236 cogitationum
602 3166 851 3223 exlubuit
876 3164 1011 3221 milii
1048 3164 1313 3237 inspectio
1337 3164 1645 3235 Amlyseos

124 3254 487 3329 manuatim,
536 3254 627 3311 eui
666 3258 825 3311 tanto
854 3254 1037 3310 studio
1073 3254 1315 3326 incubui,
1355 3258 1421 3308 ut
1458 3252 1645 3310 nescio

125 3354 177 3395 an
215 3342 311 3397 sint
350 3344 509 3401 hodie
560 3342 743 3417 multi,
796 3342 893 3415 qui
940 3342 1065 3416 plus
1104 3342 1164 3397 in
1206 3358 1274 3399 ea
1312 3358 1513 3415 operae
1549 3358 1649 3416 po-

122 3430 295 3487 suerint.
1003 3454 1009 3461 ·

188 3518 317 3577 Cute
339 3522 521 3580 abdita
550 3520 823 3594 quaedam
854 3520 913 3575 in
953 3518 1189 3577 Mathesi
1217 3535 1251 3573 a
1280 3533 1371 3575 me
1406 3519 1647 3592 primum

126 3604 251 3663 fuine
280 3610 441 3667 evicta
486 3626 623 3667 cum
656 3610 923 3683 applausu
958 3622 1297 3663 summorum
1345 3608 1647 3665 Mathema-

125 3692 332 3769 fitorum,
366 3704 583 3757 constat
618 3698 763 3755 inter
786 3714 885 3755 eos
910 3698 1007 3769 qui
1042 3695 1239 3753 studiis
1276 3695 1399 3751 istis
1434 3696 1648 3769 impen-

122 3782 211 3838 sius
230 3785 551 3845 delectantia·-

190 3872 313 3928 Loeo
342 3880 763 3936 axiomatum
802 3880 869 3931 et
910 3875 1413 3931 theorematum
1463 3872 1643 3929 Eucli-

96 3957 334 4055 ‘demtum
357 3966 419 4023 de
446 3964 832 4039 magnitudine
858 3968 915 4020 et
940 3962 1297 4037 proportione
1326 3962 1509 4018 inveni
1538 3978 1643 4033 ego
1688 3988 1695 4043 Ι

124 4048 209 4104 alia
230 4052 379 4110 multo
415 4054 647 4125 majoris
676 4050 957 4126 momenti,
999 4066 1235 4123 ususque
1272 4050 1641 4123 generalioris,
1690 4050 1694 4097 ἰ

124 4134 175 4192 (le
213 4141 781 4213 coincidentibus,
842 4140 1201 4213 congruis,
1252 4138 1638 4212 similibuS,
1690 4098 1695 4193 Ι

125 4223 599 4303 determinatis,
640 4230 709 4287 de
749 4246 959 4287 causa
996 4233 1063 4285 et
1098 4230 1389 4301 effectu,
1428 4228 1545 4283 sive
1573 4227 1643 4284 de
1690 4198 1695 4324 ἰ
1743 4199 2052 4268 ‘'equam'’
2091 4188 2486 4264 supwifivam
2516 4189 2573 4243 et
2601 4184 2918 4241 mmmmm
2937 4182 3063 4253 jam
3089 4183 3150 4239 in
3178 4184 3325 4239 sebe·

122 4319 415 4392 potentia,
468 4320 539 4377 de
590 4318 1072 4376 relationibus
1111 4318 1179 4373 in
1220 4318 1639 4388 universum,
1691 4331 1695 4376 :

124 4400 183 4456 (le
210 4408 597 4465 continente
634 4413 703 4463 et
739 4409 1099 4478 contento,
1144 4405 1213 4461 de
1248 4422 1315 4461 eo
1359 4405 1507 4478 quod
1545 4422 1645 4479 per
1691 4389 1695 4471 j
1742 4377 1826 4430 est
1852 4371 2206 4445 explicatum·

123 4498 613 4568 seetperaccidens
650 4497 731 4569 tit,
772 4496 843 4552 de
880 4494 1120 4567 gena-ali
1158 4498 1359 4550 natura
1392 4494 1643 4551 substan-
1690 4472 1695 4541 ἕ

1752 879 2171 948 tradictionemz,
2213 877 2446 933 alterum
2492 880 2602 932 est:
2655 875 2837 932 omnis
2887 877 3132 933 veritatis
3162 875 3333 949 (quae

1752 966 2075 1026 immediata
2110 966 2226 1020 sive
2263 964 2503 1021 identica
2543 981 2658 1021 non
2695 965 2811 1035 est)
2841 965 2995 1022 reddi
3023 981 3182 1038 posse
3218 981 3330 1021 ra-

1751 1057 1855 1114 tio
1868 1073 1906 1112 n
1919 1071 2046 1127 em,
2075 1055 2180 1110 hoc
2206 1056 2306 1125 oet,
2335 1053 2624 1109 notionem
2651 1053 2948 1127 praedicati
2975 1069 3190 1128 semper
3229 1071 3330 1110 no·

1752 1145 1892 1202 tioni
1920 1144 2007 1200 sui
2035 1141 2266 1212 subjecti
2295 1142 2384 1198 vel
2411 1158 2665 1215 expresse
2703 1143 2789 1198 vel
2827 1141 3093 1214 implicite
3132 1141 3330 1215 inesse,

1749 1235 1917 1306 idque
1976 1248 2091 1288 non
2141 1230 2322 1285 minus
2371 1230 2432 1286 in
2483 1230 3020 1287 denominationibus
3066 1229 3333 1287 extrinse-

1749 1323 1827 1380 cis
1864 1337 2032 1395 quam
2062 1316 2386 1391 intrinsecis,
2420 1335 2535 1373 non
2565 1319 2746 1374 minus
2773 1318 2834 1373 in
2862 1319 3185 1376 veritatibus
3204 1335 3333 1375 con-

1750 1409 2086 1484 tingentibus
2121 1424 2288 1481 quam
2325 1407 2638 1464 necessariis
2676 1408 2856 1463 locum
2885 1407 3100 1464 habere.

1836 1515 2144 1572 Discrimen
2195 1514 2338 1570 inter
2386 1513 2726 1568 veritates
2792 1511 3228 1568 necessarias
3277 1515 3335 1569 et

1751 1605 2249 1678 contingentes
2285 1619 2413 1658 vere
2441 1601 2591 1657 idem
2631 1604 2730 1673 est,
2775 1600 2922 1672 quod
2959 1600 3107 1656 inter
3141 1617 3334 1658 nume-

1752 1713 1842 1752 ros
1869 1690 2381 1750 commensurabiles
2401 1693 2459 1746 et
2478 1688 3078 1746 incommensurabiles:
3100 1691 3161 1744 ut
3181 1689 3333 1746 enim

1752 1784 1813 1840 in
1842 1781 2085 1839 numeris
2122 1777 2701 1836 commensurabilibus
2740 1775 3000 1832 resolutio
3041 1775 3159 1832 fieri
3210 1780 3332 1852 pot-

1750 1877 1834 1929 est
1863 1872 1922 1927 in
1951 1885 2297 1928 communem
2325 1883 2654 1940 mensuram,
2686 1865 2765 1920 ita
2792 1865 2852 1920 in
2879 1864 3200 1921 veritatibus
3236 1882 3332 1922 ne-

1751 1959 1996 2020 cessariis
2046 1955 2457 2029 demonstratio,
2506 1955 2622 2010 sive
2671 1953 2915 2010 reductio
2965 1952 3039 2009 ad
3075 1951 3330 2012 veritates

1750 2049 2017 2106 identioes
2044 2048 2227 2104 locum
2253 2045 2435 2103 habet.
2522 2043 2602 2099 At
2637 2041 3100 2114 quemadmodum
3127 2041 3188 2097 in
3215 2060 3330 2099 sur-

1748 2138 1835 2195 dis
1863 2136 2168 2194 rationibus
2193 2132 2454 2192 resolutio
2482 2131 2726 2207 procedit
2755 2131 2814 2186 in
2834 2129 3127 2203 infinitum,
3157 2133 3214 2186 et
3243 2147 3330 2194 ac-

1747 2228 1956 2285 ceditur
1981 2225 2203 2298 quidem
2228 2228 2501 2295 utcunque
2525 2220 2598 2277 ad
2625 2235 2972 2276 communem
3000 2234 3330 2294 mensuram,

1750 2334 1813 2372 ac
1842 2313 2008 2372 semies
2046 2313 2314 2387 quaedam
2355 2309 2651 2382 othnetur,
2692 2308 2787 2365 sed
2829 2308 3200 2384 interminate,
3247 2306 3329 2366 ita

1748 2405 1944 2462 codem
1972 2403 2175 2476 pariter
2211 2415 2462 2474 processu
2500 2397 2758 2453 veritates
2795 2395 3169 2469 contingentes
3208 2395 3329 2452 infi-

1747 2493 1868 2550 nita
1917 2491 2131 2562 analysi
2179 2489 2443 2563 indigent,
2492 2502 2660 2562 quam
2709 2487 2856 2542 solus
2895 2485 3044 2541 Deus
3094 2483 3329 2542 transire

1746 2586 1944 2657 potaet.
2031 2579 2192 2636 Unde
2231 2579 2304 2635 ab
2348 2577 2468 2650 ipso
2506 2575 2626 2632 solo
2664 2591 2700 2630 a
2739 2573 2911 2648 priori
2952 2590 3018 2629 ac
3055 2575 3200 2630 certe
3238 2590 3329 2630 oo-

1746 2672 2092 2746 gnoscuutur.
2175 2665 2295 2723 Etsi
2333 2667 2484 2721 enim
2521 2680 2733 2738 semper
2770 2662 2913 2719 ratio
2951 2661 3112 2719 reddi
3143 2663 3329 2736 posset

1744 2763 1918 2815 status
1956 2756 2272 2832 posterioris
2317 2771 2390 2811 ex
2435 2753 2641 2828 priore:
2695 2751 2858 2822 huius
2905 2754 3094 2807 tamen
3142 2767 3328 2808 rursus

1743 2848 1890 2905 ratio
1925 2846 2082 2903 reddi
2123 2847 2329 2919 potest,
2369 2859 2544 2915 neque
2583 2841 2722 2898 adeo
2759 2841 2831 2897 ad
2869 2839 3124 2895 ultimam
3157 2839 3340 2911 ratio·-

1746 2954 1876 2993 nem
1911 2934 1969 2991 in
2011 2934 2152 2991 serie
2190 2932 2519 3008 pervenitur.
2607 2930 2715 2987 Sed
2757 2930 2873 3002 ipse
2913 2945 3227 3003 progressus
3266 2927 3327 2984 in

1746 3025 2022 3081 infinitum
2059 3022 2224 3079 babet
2261 3020 2491 3077 rationis
2527 3019 2725 3091 locum,
2758 3017 2925 3090 quod,
2955 3034 3054 3072 suo
3083 3016 3326 3090 quodam

1745 3114 1930 3187 modo,
1960 3116 2118 3169 extra
2146 3110 2359 3182 seriem,
2399 3108 2461 3164 in
2489 3102 2631 3180 Deo,
2659 3121 2842 3163 rerum
2879 3108 3071 3161 autore
3108 3107 3328 3181 poterat

1745 3204 1935 3260 statim
1974 3202 2046 3259 ab
2085 3200 2249 3257 initio
2288 3196 2552 3270 intelligi,
2603 3212 2640 3251 a
2679 3210 2788 3269 quo
2826 3194 3013 3267 priora
3049 3209 3220 3267 aeque
3259 3210 3327 3251 ac

1745 3292 2067 3367 posteriora,
2097 3293 2154 3346 et
2181 3286 2355 3359 magis
2384 3302 2550 3359 quam
2577 3302 2612 3341 a
2640 3302 2699 3340 se
2739 3276 2974 3339 invicem
3000 3282 3326 3357 dependent.

1748 3384 2108 3453 Quaecunque
2158 3376 2327 3452 igitur
2375 3374 2576 3431 veritas
2625 3372 2910 3443 analyseos
2949 3374 3032 3427 est
3067 3372 3324 3445 incapax,

1748 3468 2214 3539 demonstrarique
2252 3482 2324 3521 ex
2350 3463 2654 3520 rationibus
2690 3461 2802 3517 suis
2839 3476 2955 3517 non
2991 3464 3190 3534 potest,
3229 3458 3327 3515 sed

1748 3574 1821 3615 ex
1848 3559 1969 3615 sola
2008 3556 2197 3612 divina
2237 3556 2420 3609 mente
2459 3552 2732 3609 rationem
2772 3550 3028 3607 ultimam
3066 3566 3131 3606 ac
3168 3548 3329 3605 certi·
3407 3590 3423 3616 ,

1748 3648 1998 3703 tudinem
2025 3643 2188 3717 capit,
2217 3640 2521 3698 necessaria
2557 3656 2671 3696 non
2709 3642 2807 3695 est.
2893 3638 3160 3709 Taloeque
3197 3639 3327 3693 sunt

1747 3752 1958 3806 omnes,
1989 3749 2124 3806 quas
2153 3746 2290 3786 voco
2319 3728 2659 3784 veritates
2699 3726 2885 3783 facti.
2971 3722 3156 3797 Atque
3193 3724 3327 3783 haec

1744 3828 1827 3881 est
1854 3822 2018 3879 radix
2045 3818 2462 3891 contingentiae,
2493 3815 2676 3871 nescio
2704 3830 2778 3871 an
2805 3815 3062 3870 hactenus
3088 3813 3328 3887 explica-

1742 3918 1833 3969 tae
1860 3928 1896 3967 a
1924 3919 2216 3983 quoquam.
2775 3913 2781 3921 ·

1832 4013 2226 4073 Discrimen
2274 4010 2419 4067 inter
2457 4007 2742 4065 notionem
2793 4007 3084 4064 obscmam
3123 4007 3182 4061 et
3216 4005 3325 4062 cla-

1742 4123 1882 4179 ram,
1909 4104 2195 4161 confusam
2223 4104 2279 4157 et
2306 4097 2637 4170 distinctam,
2675 4096 3038 4169 adaequatam
3075 4098 3132 4151 et
3168 4093 3326 4150 inad-

1745 4284 2012 4341 diasmate
2049 4278 2292 4353 quodam
2327 4275 2483 4334 Actis
2520 4274 2896 4351 Lipsiansibus
2935 4272 3142 4330 inserto
3170 4288 3205 4329 a
3235 4288 3325 4329 me

1828 4476 1938 4533 Sed
1973 4480 2040 4532 ut
2083 4474 2306 4533 redeam
2353 4470 2428 4529 ad
2473 4469 2882 4543 expressionem
2928 4463 3324 4539 cogitationum

124 4576 217 4651 5³⁶,
242 4583 403 4656 deque
428 4588 667 4660 perfecta
708 4582 1234 4659 spontaneitate
1269 4587 1327 4639 et
1363 4582 1643 4655 ingene·
1690 4547 1694 4628 Ι
1743 4582 1843 4640 1³0¹*
1871 4566 2219 4635 mm:
2259 4560 2342 4617 ita
2381 4557 2560 4617 senfi⁰
2597 4572 2899 4633 numquam
2925 4554 3324 4613 mmmmffli„

125 4666 453 4731 tabilitate
490 4679 549 4731 et
582 4671 1275 4745 incorruptibilitate
1310 4670 1642 4727 substantia·
1689 4661 1695 4706 ²

1742 4653 1906 4725 finiri,
1936 4668 2112 4724 neque
2137 4649 2352 4707 sectis
2390 4647 2668 4705 silentium
2695 4645 2912 4720 imponi
2941 4660 3117 4718 posse,
3146 4642 3257 4699 nisi
3283 4658 3322 4701 a

126 4768 236 4829 rum,
290 4761 459 4834 deque,
516 4764 777 4819 unione
839 4776 1061 4817 rerum
1122 4762 1183 4815 et
1238 4760 1642 4833 conspiratione
1690 4768 1693 4788 ·
1740 4740 2250 4799 ratiocinationibus
2285 4736 2726 4833 cqmplicatisad
2761 4734 3068 4792 calculos
3109 4731 3321 4805 simpli-

126 4841 515 4924 substantia-mn,
528 4842 687 4908 'inter
712 4868 789 4907 se.
874 4848 1037 4905 Unde
1062 4853 1120 4904 et
1146 4864 1407 4904 areanum
1444 4848 1640 4904 unio·
1689 4801 1694 4881 Ι
1740 4849 1845 4904 00⁵2
1875 4846 1914 4887 ⁸
1938 4827 2220 4887 Vfflbfflis
2247 4843 2420 4899 ”8²²0
2445 4826 2788 4897 imeftoeque
2807 4820 3218 4897 Signififfifionis
3243 4818 3318 4877 8‘1

128 4930 207 4987 nis
256 4935 433 4995 inter
494 4941 791 4997 animam
866 4940 935 4994 et
1002 4952 1241 5010 corpus
1304 4936 1639 4994 nitet-ceden-

126 5016 177 5071 tis
222 5021 271 5078 in
322 5028 495 5085 lucem
540 5028 749 5104 prodit,
816 5026 1117 5098 modusque
1172 5040 1285 5097 quo
1343 5030 1640 5099 operantur
1686 5080 1689 5083 ,

1740 4922 2182 4978 characteres
2209 4913 2615 4987 determinatos,
2645 4927 2976 4971 revocemur.

1826 5025 1890 5083 ld
1927 5024 2130 5083 scilicet
2165 5020 2510 5079 efficiendum
2545 5022 2649 5091 est,
2692 5022 2756 5074 ut
2799 5015 2982 5074 omnis
3019 5010 3316 5088 patulos&-

126 5106 433 5189 substantiae,
464 5121 523 5173 et
556 5132 931 5174 concursus
968 5114 1091 5187 Dei,
1130 5118 1189 5170 et
1215 5130 1377 5170 caiisa
1403 5114 1536 5171 mali
1578 5120 1637 5171 et
1684 5084 1690 5163 ,Ι
1738 5128 1862 5170 mus
1909 5114 2049 5169 nihil
2075 5110 2233 5169 aliud
2277 5110 2352 5165 sit
2377 5096 2546 5181 quam
2596 5121 2790 5163 error
2829 5102 3120 5175 calculi,
3156 5104 3223 5156 et
3249 5103 3314 5155 ut

127 5190 305 5258 liberm
336 5204 619 5265 concssiata
653 5200 1029 5283 providentiae
1078 5202 1499 5277 certitudinique
1534 5210 1632 5262 seu
1682 5234 1687 5272 ;
1732 5203 2110 5277 sophisma,
2153 5200 2214 5259 in
2239 5199 2344 5257 hoc
2368 5212 2516 5256 nova
2539 5196 2836 5271 scripturae
2859 5206 3058 5265 genere
3093 5202 3312 5263 expres-

2446 5278 2576 5341 11*
