3717 5850
323 318 415 393 94

328 920 441 993 las,
480 920 587 977 nisi
628 919 947 994 arbitrtu-ie,
994 919 1274 992 dividitur,
1318 923 1381 975 ut
1420 921 1487 975 A.
1502 920 1566 975 B.
1608 924 1667 974 et
1692 918 1761 974 A.
1772 919 1833 974 B.
1845 918 1906 973 C.

1340 330 1503 391 xlx.
1558 332 1918 391 SPECIMEN
1957 328 2558 389 DEMONSTRANDI.

324 494 423 552 per
450 476 803 549 modificatus,
833 474 1043 531 dicetur
1064 480 1323 549 rectus,
1353 474 1692 532 modificatus
1720 479 1906 531 autem
1951 468 1958 509 ¹

270 600 275 605 -
327 566 537 624 ‹iioetur
581 565 941 636 obliquus,
970 564 1318 621 characteres
1354 564 1454 621 aiii
1492 562 1787 620 formum
1824 563 1906 620 ia
1952 525 1960 583 ²

327 654 705 729 ingrediuntur
730 656 797 708 ut
822 652 1087 727 distingui
1114 654 1259 713 inter
1295 670 1357 710 se
1384 669 1500 709 non
1538 650 1767 725 pofflnt,
1807 650 1908 709 alii
1953 685 1960 721 2

326 760 493 817 ⁸⁰⁰⁰&
524 742 605 828 ita
632 742 1013 799 ‘hminem'
1040 743 1129 798 vel
1166 743 1533 816 Amatam
1575 744 1661 797 est
1687 756 1908 815 ⁰⁰¹¹¹P⁰‘
1955 722 1960 823 Ξ
2010 792 2085 831 an
2111 774 2166 829 A
2193 778 2251 830 et
2277 774 2324 830 B
2352 772 2546 829 eodem
2597 770 2774 829 modo
2814 754 2944 827 K}
2990 774 3047 827 et
3095 754 3272 842 0513).
3363 770 3422 827 Si
3475 770 3602 825 duo

327 832 495 888 dmm
520 831 811 903 unif⁰m¹⁰’
852 848 948 889 ⁵⁸¹¹
977 832 1211 888 mmuh
1238 846 1379 903 quae
1404 831 1466 887 in
1498 830 1679 885 ”uuas
1704 832 1962 961 f⁰m¹¹'·l⁸
2011 880 2183 920 unum
2257 862 2534 917 vinculum
2596 860 3024 933 disquiformiter
3091 858 3464 935 ingrediantur
3533 864 3604 914 ut

1955 992 1960 1014 .
2011 952 2064 1008 A
2099 956 2151 1017 Ι·-
2178 952 2255 1024 B,
2295 956 2350 1006 et
2392 966 2561 1006 unum
2601 966 2674 1005 ex
2715 948 2868 1023 ipsis,
2898 949 2982 1023 A,
3023 964 3147 1004 cum
3185 948 3504 1023 proximo
3555 948 3604 1002 C

2006 477 2416 547 connectuntur,
2466 470 2813 527 uniformiter
2859 469 3138 526 vinmlum
3182 470 3594 543 ingrediuntur,

2009 562 2136 633 (ubi
2183 578 2402 619 rursum
2449 560 2704 632 interest,
2755 558 2950 615 eodem
2988 558 3154 615 modo
3191 562 3598 615 connectantur

2009 650 2064 708 A
2091 655 2148 709 et
2174 651 2222 708 B
2248 666 2350 705 suo
2376 648 2612 721 viumlo,
2641 664 2754 720 quo
2781 648 2909 706 Cet
2929 648 2984 703 D
3001 647 3352 705 contineritm·
3375 664 3502 719 mo,
3535 652 3602 703 et

328 1008 669 1083 Compositio
698 1009 879 1065 omnis
907 1014 991 1065 est
1027 1008 1485 1081 aequiformis
1510 1008 1601 1063 vel
1636 1006 1910 1079 disqui-
1955 1017 1960 1066 Ι
2012 1041 2304 1097 formulam
2326 1038 2661 1113 ingrediente
2682 1036 3027 1094 uniformiter
3047 1036 3378 1111 fingoefflatur
3399 1036 3460 1092 in
3487 1052 3602 1091 no-

308 1098 592 1155 ·formiS.
679 1098 1052 1170 Aequiformis
1092 1101 1156 1153 ut
1192 1097 1301 1153 AB
1336 1096 1425 1153 vel
1461 1096 1777 1171 A.B.C.D.,
1818 1094 1906 1151 vel

329 1194 827 1209 ————--———

1956 1155 1960 1164 ·
2007 1146 2141 1185 vum
2169 1128 2447 1185 vinculum
2473 1131 2535 1184 ut
2562 1127 2616 1183 A
2649 1132 2701 1193 Ι·-
2729 1126 2775 1183 Β
2803 1126 2864 1202 C,
2895 1126 3000 1184 erit
3031 1127 3082 1183 A
3111 1124 3391 1203 dimotum,
3425 1126 3472 1182 B
3493 1125 3604 1182 ob-

332 1222 473 1277 A.B.
503 1222 647 1280 G.D.
675 1222 835 1298 E.F.,
866 1222 963 1279 ubi
991 1238 1204 1296 semper
1230 1236 1371 1293 quae
1396 1218 1591 1277 eodem
1618 1218 1907 1293 vinculo
1955 1179 1960 1255 ¹
2008 1218 2218 1293 liquum
2246 1221 2346 1274 etc.

1953 1266 1962 1310 i

1604 1524 1796 1530 --ῌ--
1814 1524 1956 1532 ῳ--ο
1971 1524 2028 1531 -α-
2048 1524 2089 1531 q-
2109 1523 2196 1530 --.-

1760 1901 1767 1910 ,
1833 1793 2080 1887 xlx.

1501 1977 1568 2047 N
1586 1973 1739 2048 ΟΝ
1792 1972 2436 2049 INELEGANS

890 2142 1679 2266 SPECIMEN
1766 2140 2856 2264 DEMONSTRAN
2859 2138 3040 2260 DI
3134 2162 3143 2172 ·

1682 2364 1761 2423 IN
1788 2362 2246 2422 ABSTRACTIS.

628 2622 1011 2677 (rr-mentum
1044 2624 1407 2679 autographum
1442 2620 1769 2682 belsami,
1804 2620 1938 2677 quod
1972 2620 2025 2667 iu
2057 2620 2365 2670 Bibliotheca
2397 2622 2558 2677 negt·
2591 2620 2926 2667 amoverant
2962 2612 3310 2670 menaeus.)
3381 2621 3388 2635 ·

1758 2749 1830 2757 -ο

427 2858 781 2916 Definitio
838 2857 891 2912 l.
977 2858 1227 2915 Eadem
1276 2862 1405 2914 sunt
1462 2873 1697 2931 quorum
1744 2872 1920 2915 unum
1962 2865 1970 2949 ἱ

2064 2748 2175 2756 ——n

2103 2855 2490 2915 Scholium:
2533 2854 2663 2911 Non
2689 2870 2854 2911 omne
2881 2854 3182 2913 inexistens
3209 2860 3293 2911 est
3319 2871 3470 2929 pars,
3499 2873 3614 2911 nec

338 2952 521 3023 potest
546 2945 805 3004 substitui
830 2947 990 3004 alteri
1018 2949 1173 3004 saiva
1210 2948 1455 3004 veritate.
1542 2947 1601 3004 Si
1640 2947 1753 3006 sint
1780 2949 1835 3004 A
1862 2951 1920 3004 et
1965 2976 1969 2991 =
2017 2963 2181 3003 omne
2207 2946 2494 3004 continens
2521 2948 2604 3000 est
2633 2948 2828 3016 totum,
2859 2961 2908 3000 e.
2937 2962 3016 3016 gr.
3053 2945 3378 3017 quadratum
3407 2944 3614 3002 inscri-

341 3037 406 3110 Β,
436 3041 494 3094 et
520 3037 577 3094 A
604 3035 941 3108 ingrediatur
966 3035 1209 3109 aliquam
1237 3036 1673 3110 propositionem
1711 3051 1918 3108 veram,

2017 3040 2176 3108 ptum
2199 3041 2258 3090 et
2285 3034 2552 3092 diameter
2577 3032 2782 3090 circulo
2821 3032 2980 3106 inest,
3019 3039 3077 3090 et
3111 3033 3440 3106 quadratum
3477 3035 3616 3107 qui-

340 3131 399 3184 et
424 3125 507 3182 ibi
534 3125 594 3182 iu
623 3125 809 3197 aliquo
836 3125 959 3180 loco
987 3126 1159 3198 ipsius
1184 3125 1240 3180 A
1266 3143 1369 3199 pro
1397 3125 1519 3198 ipso
1540 3125 1920 3183 substituendo
1967 3154 1970 3162 ,
2021 3125 2146 3180 dem
2183 3128 2267 3180 est
2305 3139 2432 3195 pars
2471 3121 2678 3194 circuli,
2719 3122 2987 3178 diameter
3025 3139 3156 3180 vero
3191 3139 3306 3180 non
3343 3127 3430 3180 ost
3471 3141 3614 3196 pars

340 3214 389 3270 Β
416 3214 513 3270 fiat
560 3229 707 3269 nova
756 3212 1059 3286 propositio
1108 3229 1279 3285 aeque
1329 3212 1523 3270 itidem
1558 3231 1705 3284 vera,
1756 3215 1921 3286 idque
1967 3192 1972 3310 ξ
2021 3211 2154 3282 ejus.
2220 3210 2550 3268 Addendum
2589 3214 2672 3266 est
2699 3229 2830 3284 ergo
2856 3210 3066 3282 aliquid
3091 3211 3166 3270 ad
3193 3210 3475 3268 notionem
3519 3217 3616 3270 to-

342 3317 557 3374 semper
584 3301 833 3358 succedat
860 3301 921 3356 in
948 3317 1267 3374 quacunque
1295 3301 1393 3357 tali
1432 3301 1821 3376 propositione,
1865 3301 1922 3356 A
1967 3319 1973 3361 ι
2021 3301 2130 3357 tius
2169 3305 2226 3362 et
2261 3299 2434 3374 partis
2470 3303 2716 3356 accurate
2751 3299 3158 3372 explicandum
3199 3301 3346 3372 quod
3371 3317 3488 3358 non
3519 3307 3616 3358 est

317 3394 403 3448 'et
425 3391 472 3446 B
500 3388 753 3445 dicuntur
780 3405 897 3444 esse
924 3387 1147 3458 eadem,
1176 3394 1234 3444 et
1260 3393 1469 3460 contra,
1511 3389 1561 3444 si
1588 3389 1781 3447 eadem
1808 3389 1922 3446 sint
1967 3393 1973 3480 1
2020 3389 2182 3461 bujus
2209 3389 2334 3446 loci.
2401 3387 2504 3457 (Et
2532 3405 2661 3444 vero
2689 3403 2804 3446 non
2830 3389 3019 3445 insunt
3047 3393 3260 3448 tantum
3295 3390 3392 3446 sed
3419 3395 3478 3446 et
3509 3391 3616 3448 de·—

343 3479 399 3534 A
426 3482 485 3536 et
509 3479 573 3551 B,
613 3476 871 3550 procedet
905 3477 1221 3534 substitutio
1259 3493 1423 3550 quam
1461 3477 1597 3534 dixi.
1686 3472 1922 3556 (Eadem
1968 3501 1974 3557 ς
2021 3478 2162 3536 trabi
2191 3480 2418 3551 possunt
2445 3492 2514 3534 ca
2539 3491 2681 3548 quae
2707 3480 2890 3550 partes
2905 3493 3032 3542 non
3057 3483 3216 3550 sunt,
3245 3495 3294 3534 e.
3321 3495 3402 3551 gr.
3461 3479 3614 3536 Cen-

344 3567 513 3624 etiam
552 3570 821 3623 vocantur
854 3565 1361 3640 coincidentia,
1402 3567 1697 3640 aliquando
1736 3572 1922 3624 tamen
1969 3566 1974 3633 ἓ
2022 3572 2168 3623 trum
2195 3583 2270 3622 ex
2295 3565 2514 3638 circulo,
2543 3564 2624 3622 ita
2661 3571 2725 3622 ut
2751 3565 2814 3622 in
2851 3566 3068 3624 residuo
3108 3567 3219 3624 sint
3247 3567 3434 3624 omnia
3461 3584 3616 3640 pun-

346 3657 399 3712 A
424 3655 650 3728 quidem
676 3658 735 3712 et
762 3655 817 3710 A
854 3657 1119 3712 vocantur
1155 3655 1363 3730 idem,
1405 3655 1459 3711 A
1499 3673 1631 3712 vero
1668 3660 1725 3713 et
1750 3657 1797 3712 Β
1824 3673 1922 3712 vo·
1969 3646 1975 3775 Ι
2021 3661 2112 3712 eta
2137 3658 2352 3729 praeter
2385 3660 2666 3726 centrumr,
2709 3653 2766 3712 id
2803 3654 2954 3710 enim
2988 3656 3264 3712 residuum
3301 3656 3408 3714 erit
3447 3656 3612 3714 locus

344 3748 538 3802 cantur
564 3741 1102 3813 coincidentia).

433 3831 745 3900 Derim-2.
789 3831 1079 3888 Diversa
1098 3836 1243 3904 sunt,
1266 3849 1406 3904 quae
1426 3837 1555 3888 sunt
1574 3848 1689 3891 non
1709 3833 1920 3907 eadem,

344 3937 439 3980 sen
468 3921 530 3976 in
556 3921 752 3994 quibus
780 3919 1096 3977 substitutio
1122 3921 1419 3994 aliquando
1438 3939 1553 3978 non
1580 3921 1833 3979 succedit.

434 4009 683 4065 Coroll.
752 4009 911 4066 Unde
949 4008 1135 4082 etiam,
1188 4025 1329 4082 quae
1366 4025 1481 4066 non
1518 4013 1649 4065 sunt
1690 4008 1922 4084 diversa,

347 4102 475 4152 sunt
503 4097 707 4152 eadem.

435 4184 739 4240 Charact.
781 4183 833 4237 1.
887 4182 941 4238 A
963 4195 1025 4238 ω
1048 4183 1095 4238 Β
1123 4183 1390 4258 significat
1418 4183 1472 4239 A
1500 4188 1557 4241 et
1582 4185 1629 4241 B
1657 4201 1775 4241 oese
1814 4203 1927 4242 ea-

348 4273 497 4330 dem
524 4273 612 4327 vel
639 4269 1141 4327 coincidentia.

436 4359 741 4416 charact.
776 4359 833 4412 2.
878 4358 1063 4414 Anon
1086 4372 1147 4414 ω
1170 4359 1233 4432 Β,
1265 4359 1351 4415 vel
1372 4360 1419 4415 Β
1439 4375 1551 4415 non
1576 4373 1638 4417 ω
1662 4360 1734 4435 A,
1759 4361 1926 4434 signi·

280 4485 285 4490 ‚
350 4449 474 4506 {icat
499 4447 555 4502 A
582 4451 639 4504 et
667 4449 712 4504 B
740 4465 857 4504 aese
885 4446 1181 4503 diversa.

434 4537 656 4593 Defin.
690 4537 746 4592 3.
788 4535 848 4592 Si
875 4535 1034 4609 plura
1061 4535 1228 4592 simul
1264 4539 1445 4591 sumta
1481 4535 1793 4594 coincidant
1826 4539 1926 4594 uni

352 4625 609 4701 plurium,
638 4623 922 4698 quodlibet
959 4623 1155 4680 dicitur
1183 4622 1409 4680 inesse
1446 4626 1535 4682 vel
1574 4626 1925 4686 contineri

351 4717 412 4771 in
450 4731 562 4771 uno
600 4713 737 4787 isto,
792 4713 972 4786 ipsum
1012 4717 1197 4768 autem
1236 4729 1407 4769 unum
1455 4713 1661 4772 dicetur
1702 4717 1928 4773 conti·

352 4819 548 4878 nens,
598 4801 686 4870 (et
720 4806 943 4858 contra:
987 4801 1035 4856 si
1074 4802 1208 4874 quid
1246 4801 1378 4858 insit
1412 4803 1601 4876 alteri,
1640 4805 1747 4861 erit
1782 4805 1926 4862 inter

352 4893 512 4967 plura
550 4891 717 4948 simul
752 4890 1115 4947 coincidentia
1151 4891 1236 4946 illi
1262 4885 1467 4969 alteri).
1534 4893 1615 4949 Ut
1640 4893 1689 4948 si
1714 4893 1770 4950 A
1796 4899 1853 4950 et
1879 4895 1926 4951 B

352 4981 519 5038 simul
553 4983 736 5037 sumta
761 4980 1072 5036 coincidunt
1106 4979 1216 5054 ipsi
1238 4977 1315 5051 L,
1356 4981 1411 5036 A
1450 4984 1515 5036 ut
1550 4984 1609 5037 et
1635 4981 1682 5037 B
1718 4981 1928 5040 dicetur

354 5068 754 5127 inexistens
786 5069 876 5125 vel
904 5073 1339 5144 contentum,
1382 5073 1443 5126 at
1468 5069 1517 5126 L
1556 5070 1763 5128 dicetur
1800 5089 1928 5130 oon·

356 5159 549 5216 tineus.

1970 3778 1974 3821 !
2022 3745 2272 3802 omnium
2297 3748 2620 3817 punctorum
2647 3743 2794 3800 intra
2819 3743 3108 3818 circulum,
3133 3760 3366 3816 quorum
3393 3745 3616 3802 ‹listen-

2023 3833 2103 3890 tia
2131 3851 2165 3888 a
2193 3833 2628 3889 circumferentia
2653 3836 2738 3890 est
2763 3832 2946 3889 minor
2971 3833 3146 3906 radio,
3181 3833 3338 3903 cujus
3357 3833 3468 3890 loci
3497 3834 3614 3890 dif-

2023 3921 2256 3978 ferentia
2293 3937 2330 3978 a
2365 3920 2566 3978 circulo
2617 3924 2701 3976 est
2748 3925 3038 3996 punctum,
3089 3939 3286 3995 nempe
3333 3927 3612 3980 centrum.

2023 4011 2111 4066 lta
2137 4009 2288 4066 locus
2307 4010 2556 4069 omnium
2582 4013 2906 4082 punctorum
2927 4025 3066 4083 quae
3083 4017 3388 4084 moventur,
3409 4012 3614 4085 sphae-

2024 4099 2117 4172 τὰ,
2157 4098 2369 4155 duobus
2409 4097 2526 4167 ejus
2566 4099 2780 4171 punctis
2817 4099 3088 4156 diametro
3127 4100 3456 4158 distantibus
3499 4100 3614 4156 im-

2025 4188 2210 4262 motis,
2243 4188 2396 4243 mota
2423 4188 2486 4243 tit
2511 4186 2561 4242 si
2587 4204 2624 4242 a
2645 4189 2872 4261 sphaera
2889 4189 3141 4246 detrahas
3167 4205 3332 4246 axem
3359 4206 3456 4248 seu
3483 4190 3614 4246 dia-

2025 4280 2262 4332 metrum
2317 4291 2416 4348 per
2471 4276 2582 4332 duo
2637 4281 2838 4350 puncta
2894 4277 3128 4342 immota
3175 4275 3610 4352 transeuntem).

2025 4365 2226 4422 Iisdem
2253 4363 2449 4437 positis
2477 4365 2531 4420 A
2557 4368 2615 4420 et
2641 4365 2688 4422 B
2725 4365 2890 4422 simul
2929 4371 3110 4424 sumta
3147 4367 3402 4425 dicuntur
3440 4384 3570 4424 con
3586 4396 3613 4409 ·

2026 4451 2434 4526 stituentia‚
2463 4453 2512 4508 L
2537 4455 3239 4514 autem-constitutum.

2113 4593 2419 4652 charact.
2467 4595 2527 4652 3.
2603 4595 2983 4662 A÷BoeL
3023 4597 3291 4672 significat
3330 4598 3383 4654 A
3425 4598 3610 4656 inesse

2025 4681 2130 4758 ipsi
2155 4681 2228 4758 L,
2257 4683 2347 4740 vel
2374 4683 2642 4741 contineri
2667 4703 2704 4741 a
2731 4685 2794 4742 L.

2106 4807 2483 4866 Scholium:
2541 4808 2660 4864 Etsi
2686 4803 2738 4862 A
2763 4813 2821 4866 et
2847 4809 2894 4886 Β
2932 4809 3176 4868 babeant
3205 4809 3415 4884 aliquid
3451 4827 3611 4868 eom-

2027 4911 2208 4968 mune‚
2247 4895 2330 4952 ita
2367 4901 2430 4953 ut
2467 4897 2640 4954 ambo
2675 4897 2842 4954 simul
2879 4904 3062 4956 sumta
3087 4899 3200 4956 sint
3235 4898 3452 4970 maiora
3476 4899 3610 4974 ipso

2025 4985 2088 5057 L,
2117 4984 2471 5042 nihilominus
2500 4988 2682 5044 locum
2707 4987 2988 5046 imbebunt
3013 5005 3155 5061 quse
3179 4989 3282 5048 hoc
3308 4989 3432 5046 loco
3457 4987 3612 5046 dixi-

2029 5089 2150 5130 mus
2197 5078 2296 5131 aut
2343 5075 2602 5132 dicemus.
2664 5075 2936 5150 Exemplo
2985 5093 3104 5136 rem
3151 5078 3428 5139 decime
3466 5079 3612 5136 utile

2027 5161 2158 5220 erit:
2203 5161 2250 5220 L
2273 5161 2538 5240 significet
2565 5168 2769 5224 rectam
