3717 5850
1826 496 2289 591 LXXVII.

1100 627 2213 833 DEFINITIONES
2338 709 3061 830 ETHICAE.

2108 956 2243 967 ——-

707 1064 814 1131 (nx
849 1066 1180 1126 autographis
1215 1064 1448 1115 Lelnnltll
1485 1067 1702 1115 nondum
1737 1065 1905 1126 editu,
1942 1066 2075 1121 qudo
2108 1066 2163 1113 ln
2198 1064 2511 1114 Bibliotheca
2544 1065 2708 1121 negiu
2744 1066 3046 1112 Hauoverae
3080 1065 3471 1121 asservantur).

433 1425 740 1486 Justitia
767 1424 852 1480 est
877 1419 1198 1476 charitas
1227 1418 1595 1491 sapientis.

431 1514 684 1573 Charitas
709 1514 796 1566 est
823 1506 1210 1564 benevolentia
1239 1507 1528 1576 generalis.

431 1597 824 1659 Benevolentia
851 1600 936 1651 est
964 1594 1189 1651 habitus
1218 1594 1447 1651 amoris.

430 1690 640 1745 Amare
667 1686 928 1756 aliquem,
956 1686 1042 1737 est
1069 1682 1188 1749 eius
1218 1681 1483 1737 felicitate
1511 1678 1787 1739 delectari.

429 1773 709 1849 Sapientia
737 1776 822 1827 est
849 1769 1080 1825 scientia
1108 1767 1401 1823 solicitatis.

431 1862 686 1919 Felicitas
711 1864 796 1915 est
823 1856 1036 1913 laetitia
1065 1855 1348 1911 durabilis.

430 1948 668 2004 laetitia
694 1951 778 2001 est
805 1948 978 2000 status
1006 1944 1372 2013 voluptatum.

431 2034 700 2107 Voluptas
741 2047 836 2087 seu
881 2028 1174 2087 delectatio
1213 2033 1300 2084 est
1327 2039 1515 2083 sensus
1545 2026 1898 2099 perfectionis
1912 2068 1930 2100 ,
1974 2026 2031 2083 id

517 2125 607 2177 est
657 2134 848 2175 sensus
873 2116 1162 2185 cujusdam
1191 2115 1276 2170 rei
1329 2130 1469 2186 quae
1523 2114 1707 2187 iuvat,
1751 2130 1848 2171 seu
1890 2130 2031 2188 quae

517 2206 825 2281 potentiam
853 2204 1098 2276 aliquam
1125 2201 1370 2272 adjuvat.

427 2294 734 2367 Perficitur,
763 2291 924 2360 cujus
951 2290 1200 2362 potentia
1227 2293 1457 2357 augetur
1487 2302 1582 2343 seu
1603 2288 1851 2358 juvatur.

790 2377 1128 2451 Hypothesis
1158 2377 1296 2433 alibi
1325 2376 1678 2432 demonstra·

428 2464 676 2525 Mundus
716 2481 753 2520 a
778 2463 1185 2537 sapientissimo
1223 2467 1280 2519 et
1309 2462 1691 2535 potentissimo
1723 2463 2030 2519 Monarcha

426 2554 794 2626 gubernatur,
823 2565 990 2621 quem
1019 2564 1278 2605 vocamus
1307 2550 1502 2605 Deum.

1017 2636 1446 2708 Propositiones.

425 2726 534 2783 Dei
555 2726 678 2781 finis
701 2724 817 2780 sive
839 2738 1036 2795 scopus
1059 2728 1143 2778 est
1153 2722 1364 2777 laetitia
1373 2720 1619 2794 propria,
1645 2736 1739 2777 seu
1751 2736 1910 2778 amor
1922 2722 2026 2779 sui.

425 2814 580 2871 Deus
611 2814 908 2883 creaturas,
941 2816 998 2865 et
1027 2810 1269 2867 maxime
1291 2815 1471 2865 mente
1493 2807 1792 2885 praeditas,
1820 2810 2028 2867 creavit

364 2949 370 2956 .
515 2903 746 2974 propter
773 2898 1008 2970 gloriam
1039 2913 1214 2971 suam,
1249 2912 1344 2954 seu
1374 2912 1568 2953 amore
1597 2897 1701 2952 sui.

421 2988 576 3046 Deus
623 2985 811 3044 oinnia
859 2985 1066 3042 creavit
1119 2983 1420 3042 secuudum
1459 2985 1766 3040 maximam
1803 2985 2025 3042 harmo-

509 3075 660 3132 niam
689 3073 805 3128 sive
835 3072 1296 3145 pulchritudinem
1327 3073 1668 3182 possibilem.

419 3163 574 3220 Deus
602 3166 757 3216 amat
784 3175 992 3216 omnes.

420 3250 572 3306 Deus
601 3248 859 3305 omnibus
885 3245 1108 3320 prodest
1135 3250 1406 3318 quantum
1432 3245 1693 3320 possibile
1721 3252 1822 3303 est.

420 3336 612 3407 Neque
649 3335 840 3403 odium
869 3350 1044 3406 neque
1071 3334 1156 3390 ira
1183 3348 1360 3405 neque
1389 3335 1570 3390 tristia
1600 3349 1778 3407 neque
1807 3333 2019 3391 invidia

509 3423 574 3478 in
593 3422 773 3478 Deum
793 3421 958 3478 eadit.

295 3569 304 3592 ,
418 3509 570 3566 Deus
595 3513 749 3564 amat
776 3509 972 3580 amari,
1003 3523 1102 3563 seu
1133 3511 1380 3564 amantes
1409 3507 1513 3562 sui.

417 3595 571 3653 Deus
620 3599 774 3652 amat
833 3599 1046 3652 mentes
1097 3609 1200 3666 pro
1251 3594 1610 3665 proportione
1659 3595 2016 3666 perfectionis

507 3698 676 3755 quam
703 3684 899 3755 cuique
925 3697 1114 3740 earum
1144 3681 1312 3737 dedit.

415 3770 688 3828 Pei-rectio
717 3770 978 3844 universi,
1003 3785 1100 3825 seu
1129 3768 1418 3824 harmonia
1447 3782 1633 3823 rerum
1663 3783 1778 3822 non
1808 3768 2016 3846 patitur

505 3873 696 3915 omncs
727 3862 938 3914 mentes
968 3873 1089 3912 esse
1117 3871 1290 3927 aeque
1317 3857 1602 3926 perfectas,

416 3945 682 4016 Quaestio
708 3961 806 4001 cur
835 3945 983 4000 Deus
1012 3943 1138 3999 huie
1166 3943 1337 3998 menti
1367 3942 1490 4014 plus
1520 3957 1686 4013 quam
1707 3941 1869 3996 alteri
1892 3958 2015 4014 per-

505 4031 759 4088 fectionis
789 4031 1016 4103 dederit,
1047 4035 1132 4086 est
1159 4046 1232 4085 ex
1260 4045 1492 4086 numero
1522 4028 1905 4100 quaestionum
1928 4030 2011 4084 in-

501 4119 723 4192 anium,
755 4123 818 4174 ut
845 4119 894 4174 si
923 4133 1152 4190 quaeras
1180 4121 1369 4173 utrum
1402 4133 1497 4189 pes
1525 4117 1604 4170 sit
1623 4114 1778 4182 justo
1807 4115 2006 4190 major,

501 4217 577 4260 an
605 4207 816 4262 calceus
839 4206 1035 4279 pedem
1065 4219 1263 4274 urgens
1284 4202 1437 4273 justo
1467 4203 1666 4258 minor.

500 4293 687 4363 Atque
727 4294 830 4349 hoc
868 4297 952 4348 est
998 4307 1291 4363 arcanum,
1343 4290 1500 4359 cujus
1527 4289 1802 4361 ignoratio
1833 4294 2010 4346 totam

501 4379 811 4436 doctrinam
835 4379 906 4436 de
933 4378 1437 4451 praedestinatione
1459 4381 1516 4434 et
1535 4375 1757 4447 justitia
1779 4379 1889 4434 Dei
1910 4379 2010 4436 ob-

505 4467 817 4523 scurciavit.

409 4553 519 4618 Qui
549 4554 674 4610 Deo
701 4569 815 4610 non
843 4553 1066 4625 obedit,
1097 4569 1208 4610 non
1239 4557 1322 4609 est
1347 4552 1558 4610 amicus
1585 4551 1689 4608 Dei

407 4641 519 4706 Qui
545 4641 671 4700 Deo
699 4641 891 4700 obedit
918 4647 1090 4716 metu,
1122 4642 1366 4700 nondum
1397 4645 1484 4699 ost
1513 4641 1720 4698 amicus
1749 4640 1874 4696 Dei.

2123 1417 2233 1485 Qui
2263 1416 2445 1473 Deum
2492 1422 2647 1475 amat
2696 1432 2863 1491 super
2902 1420 3124 1492 omnia,
3174 1419 3224 1476 is
3262 1420 3497 1480 demum
3523 1425 3717 1499 amitis

2210 1505 2316 1559 Dei
2346 1509 2449 1561 est.

2120 1590 2231 1658 Qui
2280 1606 2397 1648 non
2456 1590 2675 1663 quaerit
2704 1606 3002 1649 commune
3050 1592 3263 1652 bonum
3277 1635 3296 1670 ,
3350 1596 3402 1652 is
3448 1597 3577 1654 Deo
3620 1614 3716 1654 non

2217 1678 2428 1735 obedit.

2119 1766 2229 1831 Qui
2258 1782 2371 1821 non
2402 1764 2619 1837 quaerit
2645 1764 2752 1820 Dei
2781 1764 3046 1840 gloriam,
3078 1766 3200 1825 Deo
3227 1783 3341 1827 non
3371 1771 3568 1827 obedit

2116 1852 2225 1917 Qui
2266 1853 2371 1908 Dei
2408 1851 2645 1921 gloriam
2676 1852 2840 1909 simul
2885 1858 2941 1909 et
2980 1870 3272 1913 commune
3312 1858 3531 1915 bonum
3562 1875 3716 1939 quae-4

2206 1938 2297 2011 rit,
2332 1940 2452 1994 Deo
2483 1938 2692 1994 obedit.

2114 2026 2224 2092 Qui
2255 2026 2433 2083 Deum
2474 2040 2589 2081 non
2632 2026 2880 2095 agnoscit
2908 2043 3007 2101 per
3037 1993 3273 2106 factum,
3316 2031 3366 2087 is
3404 2034 3587 2091 Deum
3620 2050 3716 2101 nte

2204 2114 2337 2168 satis
2382 2115 2552 2167 amat.

2118 2200 2217 2256 Cui
2246 2201 2434 2273 aliqua
2464 2199 2752 2272 displicent
2781 2201 2841 2255 in
2868 2200 3007 2257 actis
3030 2202 3201 2277 Dei,‘
3186 2222 3235 2259 is
3264 2206 3451 2263 Deum
3480 2225 3599 2263 non
3624 2226 3701 2281 pu·

2204 2294 2287 2343 tat
2317 2288 2633 2361 perfectum.
3715 2354 3716 2363 χ

2112 2374 2219 2440 Qui
2274 2378 2433 2447 putat
2472 2374 2651 2429 Deum
2702 2372 2974 2445 quaedam
3026 2376 3207 2433 facere
3256 2395 3329 2434 ex
3376 2380 3716 2457 beneplacito}

2200 2462 2485 2532 absoluto,
2540 2460 2753 2516 nullam
2797 2461 3067 2517 rationem
3108 2465 3377 2540 habente,
3426 2486 3529 2525 seu
3556 2466 3716 2527 liber

2202 2553 2315 2605 tate
2352 2549 2517 2618 aloga
2558 2550 2685 2604 sive
2704 2548 3083 2624 indifferente,
3128 2552 3176 2607 is
3204 2552 3389 2611 Deum
3418 2573 3535 2613 non
3564 2550 3716 2632 putav

2200 2637 2526 2708 perfectum.

2115 2722 2223 2788 Qui
2264 2726 2423 2795 putat
2452 2724 2629 2778 Deum
2668 2737 2832 2792 agere
2872 2722 3085 2795 optimo
3124 2726 3295 2785 modo
3324 2732 3587 2803 possibili
3604 2776 3621 2807 ‚
3668 2736 3701 2789 is

2202 2810 2385 2865 Deum
2416 2810 2667 2879 agnoscit
2696 2812 3012 2883 perfectum.

2113 2896 2377 2969 Quisquis
2417 2897 2883 2968 contemplatione
2923 2900 3275 2972 perfectionis
3315 2902 3545 2962 divinae
3606 2925 3699 2964 nor

2200 2986 2519 3060 delectatur,
2552 2986 2601 3041 is
2633 2987 2811 3042 Deum
2839 3003 2953 3042 non
2982 2989 3153 3044 amat.

2112 3073 2315 3128 Omnes
2354 3079 2635 3130 creaturae
2678 3074 2926 3128 serviunt
2953 3073 3200 3131 felicitati
3228 3093 3327 3135 seu
3356 3079 3573 3150 gloriae
3618 3083 3699 3138 Dei

2202 3177 2305 3232 pro
2334 3162 2506 3233 gradu
2535 3161 2881 3232 perfectionis
2912 3177 3060 3216 suae.

2111 3247 2373 3320 Quisquis
2415 3249 2664 3304 felicitati
2693 3249 2796 3304 Dei
2826 3249 2995 3304 servit
3024 3254 3242 3324 praeter
3270 3267 3434 3308 suam
3471 3256 3697 3312 voluuta-

2200 3339 2334 3408 tem,
2366 3335 2412 3390 is
2441 3336 2622 3392 Deum
2652 3351 2762 3391 non
2792 3340 2959 3392 amat.
3715 3389 3716 3408 ἶ

2107 3421 2365 3493 Quisquis
2394 3423 2713 3478 felicitatem
2751 3438 2908 3479 suam
2946 3423 3181 3480 collocat
3221 3424 3277 3480 in
3310 3427 3597 3484 relatione
3626 3431 3716 3492 m}

2194 3509 2359 3566 vinae
2388 3509 2683 3580 felicitatiS‚
2712 3510 2761 3564 is
2792 3526 2869 3581 se,
2903 3510 2949 3564 is
2977 3511 3197 3573 demum
3226 3514 3407 3569 Deum
3442 3525 3625 3572 amat.
3715 3513 3716 3590 ξ

2102 3596 2211 3660 Qui
2243 3597 2420 3651 Deum
2450 3602 2630 3670 amat,
2665 3596 2869 3652 discere
2897 3605 3127 3654 conatur
3154 3599 3273 3668 ejus
3306 3603 3671 3662 voluntatem.
3715 3663 3716 3682 χ

2102 3683 2209 3747 Qui
2238 3683 2417 3738 Deum
2448 3687 2622 3758 amat,
2652 3683 2769 3752 ejus
2803 3683 3074 3741 voluntati
3104 3687 3310 3744 obedit.

2100 3769 2209 3835 Qui
2240 3771 2419 3826 Deum
2448 3775 2617 3843 amat,
2648 3775 2803 3826 amat
2830 3787 3042 3828 omnes.

2100 3857 2361 3928 Quisquis
2390 3861 2473 3914 est
2505 3859 2740 3930 sapienS,
2770 3863 2924 3914 amat
2952 3875 3162 3916 omnes.

2102 3939 2397 4020 (Quisquis
2426 3949 2509 4000 est
2539 3945 2757 4018 sapiens
2788 3949 2941 4002 amat
2970 3943 3203 4019 omnes)

2100 4031 2294 4088 Omnis
2322 4033 2543 4105 sapiens
2574 4035 2831 4090 omnibus
2863 4035 3122 4106 prodesse
3151 4041 3407 4092 conatur.

2098 4119 2296 4174 Omnis
2326 4119 2547 4193 sapietis
2575 4122 2761 4194 multis
2794 4121 3031 4194 prodest.

2098 4206 2291 4262 Omnis
2322 4209 2537 4280 sapiens
2562 4209 2679 4264 Deo
2708 4208 2917 4265 amicus
2944 4214 3045 4265 est.

2098 4294 2293 4350 Omnis
2322 4294 2425 4351 Dei
2454 4295 2667 4351 amicus
2697 4301 2782 4351 est
2802 4296 2955 4350 felix.

2097 4381 2221 4446 Quo
2249 4381 2373 4454 quis
2398 4383 2703 4456 sapientior
2732 4383 2836 4438 hoc
2866 4383 3079 4440 felicior
3110 4383 3167 4438 in
3196 4385 3455 4457 potentia
3486 4387 3617 4460 pari.

2097 4469 2291 4525 Omnis
2322 4471 2539 4542 sapiens
2570 4475 2655 4526 est
2678 4468 2882 4538 justus.

2099 4556 2293 4613 Omnis
2317 4556 2504 4628 justus
2531 4561 2615 4614 est
2644 4558 2796 4614 felix.

1693 4961 2369 4973 ——-——-——-—=—-——.—.-....-—
