3717 5850
1048 342 1115 398 v.
1168 342 1273 399 nn
1306 342 1515 401 srmo
1554 344 2082 407 Pfflosorffloo
2117 328 2412 407 le'om.

3281 337 3370 405 59

100 482 231 542 nolui
260 483 329 539 in
368 483 571 541 alim‘n
605 482 969 541 immutandis
1002 482 1391 557 intempestive
1432 486 1681 560 ingenio-
1777 490 1950 548 etiam
1973 492 2238 549 hactenus
2261 490 2340 545 sit
2373 488 2600 563 dicaam,
2642 494 2700 547 et
2727 506 2813 547 ex
2837 504 2950 563 qua
2987 502 3182 545 omnes
3221 489 3369 543 recte

98 590 173 630 sis
442 573 511 631 ln
547 573 983 647 Metapbysicam
1024 573 1231 647 passim
1257 574 1547 647 invehitun,
1574 592 1681 633 nec
1768 578 2058 649 judicandi
2093 580 2348 637 canones
2385 578 2752 635 demonstrari
2791 581 3038 653 possunt.
3127 575 3238 633 Sed
3264 575 3368 633 hoc

96 662 245 719 aflei-t.
272 667 469 719 tnmen
504 662 827 735 quicqum,
856 662 1005 735 qnod
1032 662 1441 736 Metaphysicae
1476 664 1679 737 princi-

94 752 174 827 pia
196 752 501 824 convellat,
530 750 641 807 nisi
658 754 929 825 quatenus
949 748 1247 807 dialecticis
1266 756 1499 824 cognata
1527 757 1675 825 sunt,

94 856 257 912 neque
298 840 527 913 uspiam
565 840 635 897 de
672 856 787 896 uno
826 844 885 895 et
921 840 1115 912 multo,
1158 839 1227 897 de
1268 844 1675 915 totoetparte,

94 930 155 986 de
176 928 381 985 eodem
408 934 471 985 et
498 928 735 1001 diverso,
772 928 843 985 de
878 928 1185 984 necessario
1223 932 1281 984 et
1306 929 1677 1005 contingente,

96 1019 155 1075 de
178 1033 348 1074 causa
374 1022 439 1075 et
464 1019 681 1089 effectu,
722 1016 793 1073 de
818 1016 1126 1073 mutatione
1152 1021 1211 1073 et
1246 1017 1551 1091 duratione,
1593 1023 1677 1075 at-

94 1124 191 1180 que
228 1106 361 1163 aliis
398 1106 809 1179 metaphysicae
844 1106 982 1163 locis
1008 1106 1395 1163 tractationem
1432 1108 1675 1180 suscipit.

92 1198 291 1252 Rerum
314 1196 658 1252 natm-alium
686 1198 745 1251 et
784 1194 1291 1251 mathematicas-um
1330 1196 1483 1252 nulla
1522 1213 1677 1253 men·

94 1286 182 1357 tio,
222 1284 417 1340 civilia
456 1284 557 1339 vix
606 1283 803 1357 trigide
851 1284 1213 1355 attinguntur.
1302 1285 1381 1341 Ut
1430 1284 1512 1340 ita
1556 1290 1675 1341 tam

94 1374 407 1446 magnifiee
450 1371 821 1446 inscriptionis
868 1372 1281 1429 exmisationem
1328 1374 1541 1429 nullam
1590 1375 1675 1429 in-

94 1463 325 1537 veniam,
356 1462 472 1517 nisi
497 1462 641 1517 inm
664 1476 864 1517 unam:
906 1461 1167 1534 Logicam
1194 1477 1383 1518 veram
1410 1479 1527 1519 non
1552 1468 1675 1519 tan-

94 1558 201 1609 tam
224 1552 665 1607 instrumentum
691 1566 829 1622 eme,
866 1550 965 1607 sed
1002 1554 1059 1606 et
1086 1551 1497 1623 quodammodo
1524 1542 1675 1625 prin·-

96 1641 229 1715 eipia
268 1656 337 1695 ac
372 1656 569 1696 veram
606 1639 1023 1712 philosophandi
1060 1639 1337 1696 rationem
1374 1640 1673 1713 continere,

93 1730 215 1803 quia
240 1728 529 1802 generales
554 1729 682 1784 illas
714 1728 931 1801 regulas
968 1726 1155 1801 tradit,
1194 1745 1269 1785 ex
1306 1729 1507 1801 quibus
1545 1746 1677 1785 vera

96 1818 333 1891 falsaque
360 1816 673 1889 dijudicari,
712 1817 1079 1889 adhibitisque
1104 1817 1239 1873 solis
1266 1816 1677 1874 definitionibus

92 1912 143 1963 et
186 1906 605 1979 experimentis,
648 1922 841 1961 omnes
888 1906 1262 1963 conclusiones
1312 1906 1675 1963 demonstrari

91 1999 333 2071 posunt.
423 1995 533 2051 Sed
572 2000 737 2051 sunto
776 1995 945 2051 etiam
982 2010 1097 2050 non
1136 1994 1529 2070 philosophiae,
1558 2012 1675 2051 non

92 2086 331 2159 ipsarum
357 2083 801 2158 propositionum
839 2083 1127 2157 primipia,
1156 2084 1553 2157 veritatemque
1588 2100 1675 2140 re-

90 2190 207 2231 um
232 2190 353 2229 non
390 2172 617 2247 faciant,
656 2172 753 2229 sed
790 2174 1109 2243 oeoendant3
1148 2177 1397 2229 attamen
1436 2174 1675 2247 philoso-

90 2266 251 2337 phum
280 2262 515 2336 radent,
545 2265 694 2319 recte
728 2260 1148 2335 philosophandi
1182 2262 1453 2337 principia
1494 2265 1673 2335 erunt,

94 2353 231 2427 quod
259 2350 491 2407 Nizolio
516 2350 724 2407 tuendo
750 2352 885 2406 satis
912 2354 1015 2409 est.

171 2442 238 2495 V.
282 2440 379 2496 Ita
424 2444 615 2495 autem
664 2439 813 2511 quod
858 2439 1133 2512 reliquum
1180 2443 1268 2496 est
1316 2439 1673 2512 praefationis

96 2530 417 2603 partiemur,
458 2532 525 2585 nt
574 2528 729 2601 prius
766 2528 839 2584 de
876 2545 978 2584 usu
1016 2544 1210 2585 eorum
1252 2544 1361 2600 que
1394 2527 1672 2583 Nizolio

94 2619 367 2693 diswtata
390 2621 543 2690 sunt,
572 2616 769 2673 deinde
796 2617 867 2673 de
893 2617 1169 2674 moribus
1198 2616 1315 2685 eju
1340 2616 1675 2693 quibusdam

95 2713 143 2763 et
166 2706 489 2763 excesdbus
516 2706 861 2763 dimeramuS.
950 2706 1095 2761 Usus
1115 2706 1531 2763 Nizolianarum
1560 2722 1673 2761 me-

94 2797 423 2853 ditationum
460 2810 687 2869 scopum
724 2794 891 2851 simul
936 2795 1195 2851 editionis
1231 2794 1397 2863 huius
1440 2794 1673 2850 iteratae

92 2886 347 2960 continet,
378 2887 445 2941 nt
474 2886 555 2941 ita
580 2884 634 2940 ei
662 2884 808 2958 parti
834 2884 909 2940 sit
927 2884 1093 2958 paulo
1120 2884 1437 2956 diligentius
1464 2883 1673 2940 incumae

92 2977 343 3032 bendum.
432 2976 563 3030 Duo
610 2977 799 3030 autem
846 2973 983 3030 mihi
1029 2973 1381 3048 potissimum
1428 2973 1673 3029 editione

92 3064 311 3136 dignum
362 3063 727 3120 Nizolium
784 3063 1009 3118 reddere
1066 3063 1189 3118 visa
1246 3067 1399 3134 sunt,
1454 3061 1671 3118 dicendi

94 3154 227 3210 ratio
286 3155 349 3208 et
428 3157 649 3225 tempus
714 3151 978 3207 auctoris:
1054 3152 1269 3208 dicendi
1335 3151 1483 3206 ratio
1540 3150 1673 3223 quia

95 3241 421 3313 philosopho
470 3241 640 3312 digna
688 3243 797 3312 (εἰς
848 3244 1063 3314 tempus
1111 3239 1347 3311 autoriS,
1402 3239 1533 3312 quia
1574 3255 1671 3295 au-

98 3340 175 3387 tor
210 3335 405 3386 nostro
448 3329 643 3402 dignus
680 3331 791 3402 est,
832 3329 931 3385 illo
968 3333 1114 3386 oerte
1155 3333 1401 3400 tempore
1440 3343 1551 3401 quo
1592 3327 1672 3382 vi·

96 3420 185 3492 vit,
212 3417 607 3475 meditationes
634 3415 903 3487 ejusmodi
938 3433 1053 3473 non
1090 3417 1201 3472 nisi
1232 3417 1577 3472 solidissimis
1614 3420 1672 3472 et

93 3507 533 3580 exquisitissimis
560 3506 795 3578 ingeniis
830 3505 1161 3579 obtigerunt.
1246 3505 1479 3562 Dicendi
1506 3505 1671 3577 ratio,

91 3613 253 3670 qmm
280 3596 377 3653 ille
402 3613 522 3652 non
548 3595 771 3652 adhibet
806 3598 1040 3668 tantum,
1084 3595 1181 3650 sed
1208 3599 1267 3650 et
1294 3599 1555 3668 perpetuo
1582 3609 1673 3650 ur-

94 3689 199 3758 get,
226 3684 579 3741 solidissimis
604 3683 740 3740 viris
777 3684 985 3740 dudum
1023 3683 1193 3756 digna
1231 3683 1352 3738 visa
1388 3687 1489 3755 est,
1530 3699 1673 3754 quae

92 3775 359 3848 paulatim
406 3775 561 3830 velut
606 3772 947 3846 postliminio
996 3772 1059 3828 in
1096 3772 1315 3828 Scholas
1362 3772 1669 3828 reducatm.

90 3863 327 3918 Dicendi
352 3863 575 3935 inquam
600 3861 747 3918 ratio
786 3862 1053 3918 naturalis
1089 3865 1147 3917 et
1172 3860 1395 3934 propria
1435 3859 1673 3932 simplex

93 3957 149 4008 et
176 3952 475 4025 perspicua,
504 3955 563 4007 et
590 3951 665 4007 ab
694 3950 847 4006 omni
875 3950 1187 4007 detorsione
1226 3953 1285 4005 et
1322 3951 1447 4005 fuco
1474 3949 1669 4022 libera,

94 4047 149 4096 et
174 4041 349 4096 sadlis
376 4045 437 4096 et
462 4039 763 4114 popularis,
792 4043 850 4096 et
870 4057 905 4096 a
926 4039 1111 4096 medio
1128 4043 1329 4111 sumta,
1358 4042 1415 4095 et
1434 4053 1673 4108 congrua

96 4130 269 4200 rebus,
298 4132 359 4185 et
386 4129 507 4185 luce
533 4143 635 4184 sua
666 4126 869 4197 juvans
896 4128 1081 4201 potius
1119 4127 1463 4198 memoriam,
1504 4141 1671 4198 quam

91 4217 353 4286 judicium
378 4217 535 4273 inani
566 4221 623 4272 et
647 4221 849 4274 nasuto
874 4217 1127 4274 acumine
1154 4217 1507 4272 confundens„
1563 4214 1671 4270 Sed

96 4308 251 4364 nobis
278 4305 419 4381 ipm‘s
446 4305 631 4362 danda
658 4305 745 4362 hic
772 4322 943 4380 opera
968 4309 1069 4377 est,
1101 4321 1173 4360 ne
1198 4305 1259 4362 in
1299 4305 1499 4360 vitium
1537 4302 1673 4359 inci·

96 4397 277 4452 damus
314 4395 473 4468 quod
508 4395 977 4467 reprehendimus,
1016 4395 1280 4466 grandem
1314 4393 1577 4450 nimirum
1614 4396 1673 4448 et

96 4487 415 4542 mistam
438 4487 499 4540 et
522 4484 889 4557 ampullosam
916 4483 1227 4540 dictionem.

170 4575 261 4630 VI.
306 4575 452 4630 Tres
504 4573 565 4628 in
610 4571 931 4628 universum
979 4573 1169 4628 laudes
1220 4571 1486 4628 orationis
1536 4570 1671 4626 mihi

94 4679 199 4720 csse
232 4663 501 4720 videntur
514 4679 531 4714 t
572 4661 819 4735 claritas,
864 4661 1067 4718 veritas
1094 4666 1152 4718 et
1176 4661 1463 4734 elegantia.
1526 4659 1671 4715 Nam

96 4753 291 4808 utilitas
317 4751 571 4826 ipsarum
594 4749 781 4824 potius
808 4766 991 4808 rerum
1026 4754 1127 4806 ost.
1192 4750 1353 4806 Clara
1381 4753 1464 4806 aet
1491 4749 1671 4805 oratio

96 4840 233 4910 mjm
282 4839 541 4897 oxnnium
592 4839 987 4896 vocabulorum
1034 4837 1458 4912 significationes
1504 4841 1672 4893 notae

96 4935 223 5004 emt,
274 4934 501 4987 tantm
563 4927 887 4985 attendenti.
970 4929 1117 4984 Vera
1167 4931 1251 4984 est
1300 4926 1481 4984 oratio
1528 4943 1670 4999 quac

96 5021 355 5076 smtiente
380 5021 443 5075 et
477 5017 667 5074 medio
692 5021 841 5074 recte
877 5017 1147 5091 disposito
1182 5017 1471 5072 sentietur:
1514 5008 1669 5087 (nam

96 5106 345 5166 claritatis
372 5123 638 5164 mensura
660 5106 985 5178 intellectus,
1008 5105 1255 5162 veritatis
1282 5104 1499 5174 sensus)
1528 5120 1668 5176 quae

98 5197 241 5254 mim
264 5201 371 5272 est,
398 5201 461 5254 et
486 5194 779 5253 voeiaeima
815 5195 1067 5252 veritatis
1094 5195 1369 5266 defimtio,
1410 5192 1667 5266 ‹piimJuid

1775 684 2054 743 exponere
2079 668 2306 725 alterius
2333 667 2444 723 loci
2472 672 2573 741 est,
2603 671 2822 723 tantum
2841 666 3098 740 exemplo
3118 680 3246 721 eam
3273 663 3369 719 de-

1776 757 2128 815 clarabimus.
2215 757 2368 813 Haec
2405 756 2620 815 orata>-
2662 756 2846 811 Roma
2879 756 2952 812 ad
2980 753 3230 811 Tiberim
3255 752 3367 809 sita

1776 850 1878 919 δὲ,
1909 844 2036 903 ideo
2063 862 2196 903 vera
2223 848 2324 918 cst,
2355 845 2486 917 quia
2513 849 2578 901 ut
2601 842 2840 899 sentiam
2865 844 3016 916 quod
3043 842 3193 914 dicit,
3223 838 3366 897 nihil

1777 936 1928 992 aliud
1955 934 2267 1008 requiritur,
2297 950 2466 1007 quam
2493 937 2556 989 ut
2583 932 2824 988 sentiens
2851 936 2909 988 et
2947 926 3188 987 medium
3217 934 3366 987 recte

1776 1040 1839 1081 se
1869 1024 2101 1095 habeat3
2151 1023 2390 1079 sentiens
2439 1022 2707 1078 nimirum
2749 1036 2851 1077 nec
2901 1020 2976 1075 sit
3009 1036 3220 1091 coccus,
3263 1034 3364 1075 nec

1776 1112 1990 1185 surdus,
2051 1112 2296 1169 medium
2352 1127 2450 1170 seu
2507 1110 2860 1167 intervallum
2909 1124 3025 1164 non
3075 1107 3148 1162 sit
3196 1105 3363 1161 nimis

1774 1202 1996 1273 grande.
2085 1201 2188 1257 His
2229 1200 2441 1274 positis,
2480 1198 2530 1255 si
2558 1216 2660 1271 ego
2687 1199 2796 1254 sim
2825 1198 3038 1253 Romae
3066 1199 3164 1251 aut
3191 1210 3364 1267 prope

1774 1292 2040 1363 Romam,
2092 1290 2187 1345 fiet
2227 1294 2291 1345 ut
2325 1288 2546 1345 videam
2583 1288 2784 1345 eodem
2821 1287 3022 1343 obtutu
3073 1260 3268 1340 urbem
3305 1285 3364 1337 et

1772 1380 1996 1451 flumen,
2027 1378 2192 1435 etita
2218 1378 2414 1435 urbem
2440 1377 2580 1433 hanc
2608 1393 2726 1433 esse
2767 1376 2840 1431 ad
2881 1375 2987 1431 hoc
3013 1374 3236 1442 flumen,
3268 1385 3367 1427 au·

1774 1468 1928 1524 diam
1952 1484 2086 1524 vero
2113 1466 2310 1524 mbem
2335 1467 2478 1523 hanc
2504 1464 2613 1521 dici
2641 1466 2897 1538 Romam,
2937 1462 3170 1517 fluvium
3195 1458 3364 1515 Tibe-

1772 1557 1879 1613 rin.
1967 1556 2231 1613 Similiter
2267 1556 2330 1611 in
2357 1554 2663 1627 abstractis,
2691 1554 2826 1609 hacc
2865 1551 3072 1607 oratio:
3113 1546 3364 1605 binarius

1772 1649 1859 1702 est
1899 1661 2017 1718 par,
2059 1660 2191 1701 vera
2217 1648 2318 1715 est,
2347 1644 2482 1715 quia
2507 1643 2556 1697 si
2583 1643 2746 1698 video
2784 1640 2998 1712 (audio,
3041 1642 3228 1710 tango,
3270 1652 3364 1692 co-

1774 1726 1918 1810 gito)
1949 1733 2246 1805 binarium,
2277 1732 2446 1788 video
2473 1747 2646 1786 unum
2671 1735 2732 1786 et
2757 1746 2950 1801 unum,
2995 1726 3133 1799 (per
3171 1724 3360 1782 defini-

1775 1822 1985 1879 tionem
2015 1820 2216 1878 binarii
2245 1836 2320 1884 ex
2345 1820 2538 1875 auditu
2567 1819 2778 1875 lectuve
2806 1816 3146 1891 perceptam)
3189 1818 3248 1870 et
3273 1812 3360 1869 ni·-

1774 1911 1854 1969 hil
1893 1911 2070 1981 ultra3
2112 1909 2276 1965 video
2327 1908 2496 1981 igitur
2537 1907 2674 1963 duas
2713 1910 2896 1980 partes
2935 1903 3137 1960 binarii
3179 1906 3362 1959 totum

1775 2000 2140 2070 absolventes,
2170 2013 2342 2053 unum
2369 2001 2429 2053 et
2455 2012 2644 2069 unum,
2677 2009 2876 2066 easque
2903 1993 3050 2048 inter
3077 2009 3136 2058 sc
3163 2006 3362 2063 aequa-

1774 2089 1873 2161 les,
1905 2088 2036 2161 quia
2061 2102 2234 2145 unum
2274 2086 2372 2141 uni
2409 2084 2638 2157 aequale
2675 2086 2776 2139 ost.
2863 2081 3136 2137 Numerus
3173 2082 3362 2134 autem

1772 2176 1931 2247 cujus
1959 2177 2102 2233 duae
2129 2179 2312 2249 partes
2339 2178 2520 2230 totum
2561 2173 2912 2229 absolventes
2950 2186 3048 2225 seu
3087 2168 3362 2239 integran-

1774 2270 1859 2322 tes
1887 2269 2018 2322 sunt
2043 2265 2300 2337 aequales
2327 2262 2526 2319 dicitur
2553 2262 2664 2317 Par
2701 2254 2826 2339 (per
2854 2258 3232 2315 definitionem
3257 2255 3360 2311 Pa-

1772 2354 1851 2411 ris
1893 2356 2036 2411 lectu
2073 2354 2334 2409 audituve
2383 2350 2742 2425 perceptam).
2827 2348 2975 2419 Ergo
3027 2346 3124 2417 qui
3163 2344 3364 2399 smtiet

1774 2443 2122 2517 propositum
2163 2456 2452 2499 numerum
2493 2456 2612 2497 esse
2655 2437 2934 2495 binarium
2948 2474 2964 2502 ‚
3003 2434 3204 2491 sentiet
3241 2448 3360 2489 csse

1773 2549 1994 2607 parem,
2057 2536 2118 2588 et
2175 2531 2302 2587 ideo
2349 2528 2692 2603 propositam
2741 2526 3048 2582 orationem
3099 2539 3219 2579 esse
3267 2537 3361 2577 vc-

1770 2636 1912 2679 ram.
2001 2620 2235 2693 Elegmis
2295 2623 2380 2674 est
2439 2616 2649 2690 oratiO,
2703 2631 2846 2688 quae
2905 2612 3097 2669 auditu
3149 2612 3360 2665 lectuvo

1764 2710 2011 2780 jucunda
2057 2714 2160 2765 est.
2255 2708 2440 2772 Quum
2499 2709 2684 2763 autem
2745 2704 2814 2759 de
2873 2694 3126 2759 oratione
3182 2698 3360 2772 philo-

1772 2798 1998 2873 sophica
2017 2838 2034 2871 ‚
2097 2798 2332 2869 stiloque
2391 2795 2475 2851 illi
2501 2844 2508 2853 .
2535 2793 2724 2849 debito
2785 2808 2966 2847 sermo
3028 2789 3102 2845 sit
3159 2786 3354 2859 nobis,
3455 2809 3466 2829 ι

1772 2888 2102 2961 elegantiam
2139 2884 2652 2960 impraesentiarum
2691 2879 3201 2955 praetermittemus,
3253 2873 3358 2932 etsi

1772 2980 2008 3034 fatemur
2067 2992 2192 3032 cam
2239 2975 2314 3031 ad
2373 2973 2740 3029 attentionem
2799 2967 3222 3043 procurandam,
3283 2963 3356 3020 ad

1772 3065 2074 3122 movendos
2119 3065 2361 3136 animos,
2415 3062 2487 3117 ad
2525 3060 2850 3117 memoriam
2901 3056 3112 3128 fortiuS,
3163 3057 3228 3110 ut
3276 3051 3356 3108 sic

1771 3155 1976 3226 (licam,
2034 3151 2552 3227 impraegnandam,
2603 3148 2904 3222 plurimum
2953 3161 3127 3218 posse.
3226 3141 3356 3196 Sola

1769 3243 2114 3300 certitudinis
2159 3241 2307 3299 ratio
2355 3238 2610 3296 habenda
2643 3240 2756 3311 est,
2807 3239 3086 3330 quantam
3122 3228 3356 3286 materia

1770 3333 1934 3406 capit.
2035 3330 2315 3388 certitudo
2373 3332 2586 3401 autem,
2647 3324 2867 3382 etiamsi
2921 3307 3354 3395 rigorosiaeimus

1771 3421 2027 3478 definitor
2075 3420 2323 3492 accedat,
2379 3417 2518 3472 nihil
2582 3414 2735 3471 aliud
2790 3431 2908 3470 esse
2967 3409 3350 3482 comperietur,

1771 3525 1940 3582 qnam
1965 3507 2186 3565 claritas
2211 3461 2478 3578 veritatis,
2507 3509 2572 3560 ut
2599 3505 2682 3559 ita
2706 3504 2798 3559 vel
2825 3518 2899 3558 cx
2927 3500 3048 3573 ipsa
3073 3495 3357 3554 certitudi-

1772 3599 1862 3655 nis
1887 3597 2114 3654 notione
2141 3599 2399 3669 sequatur
2417 3591 2686 3650 orationis
2705 3589 3128 3664 philosophicae,
3151 3583 3355 3673 quippe

1770 3686 2156 3744 certitudinem
2173 3683 2502 3756 quaerentis,
2524 3682 2682 3738 dotes
2701 3697 2817 3735 esse
2846 3677 3150 3735 claritatem
3179 3677 3236 3728 et
3261 3689 3354 3728 ve·

1770 3776 2010 3831 ritatem.
2076 3774 2149 3828 Et
2175 3789 2308 3828 vero
2337 3770 2690 3828 manifestmn
2725 3771 2810 3824 oet
2837 3766 3124 3822 veritatem
3153 3776 3353 3837 propo-

1772 3855 1994 3919 sitionis
2033 3866 2226 3918 notam
2265 3877 2384 3916 oese
2409 3875 2528 3915 non
2552 3872 2733 3930 posse,
2766 3855 2876 3910 nisi
2903 3849 3226 3925 significatio
3256 3865 3352 3904 vo-

1770 3952 2092 4009 cabulorum
2119 3949 2194 4005 sit
2218 3953 2372 4020 nota,
2399 3947 2462 4003 id
2487 3950 2573 4004 est
2614 3943 2746 4018 (per
2784 3941 3159 4000 definitionem
3193 3935 3352 3994 clari-

1772 4041 1936 4112 tatis)
1963 4040 2074 4095 nisi
2101 4039 2178 4094 sit
2203 4038 2368 4095 clara.

1858 4129 1980 4184 vll.
2023 4127 2258 4184 Claritas
2283 4129 2368 4182 est
2392 4141 2508 4180 non
2545 4122 2842 4178 verborum
2878 4122 3114 4191 tannim,
3155 4115 3254 4172 sed
3293 4117 3352 4170 et

1769 4216 2206 4274 constructionis.
2283 4215 2430 4270 Nam
2469 4212 2518 4267 si
2556 4209 2889 4268 constructio
2927 4207 3077 4264 clara
3114 4221 3230 4268 non
3257 4202 3348 4274 sit,

1770 4311 1968 4364 notmn
1993 4306 2102 4363 erit
2129 4303 2368 4378 quidem,
2398 4301 2534 4374 quid
2562 4301 2732 4356 verba
2757 4298 3062 4370 significent
3089 4291 3350 4366 simplici-

1772 4401 1855 4452 ter
1883 4401 1942 4452 et
1967 4411 2068 4469 per
2105 4411 2166 4450 se
2205 4396 2404 4463 sumta,
2445 4389 2543 4446 sed
2582 4405 2700 4444 non
2736 4387 2870 4460 quid
2908 4386 3212 4458 significent
3247 4383 3350 4438 hoc

1772 4486 1894 4542 loco
1943 4483 2016 4540 ad
2067 4487 2282 4540 caetera
2328 4481 2518 4538 relata.
2605 4476 2712 4534 Sed
2749 4479 2812 4532 in
2853 4474 3184 4532 obscuritate
3221 4487 3350 4528 con-

1770 4571 2086 4630 structionis
2113 4575 2359 4627 oratores
2386 4568 2571 4642 potius
2599 4571 2656 4624 ct
2681 4569 2894 4639 poetae,
2923 4579 3090 4637 quam
3112 4562 3350 4636 pbiloso—
3447 4613 3458 4622 .

1770 4663 1866 4736 phi
1895 4661 2072 4718 nostri
2108 4675 2330 4732 peccare
2369 4659 2568 4727 solent,
2613 4655 2774 4712 nobis
2814 4654 2983 4726 igitur
3021 4655 3106 4709 est
3145 4652 3214 4708 de
3253 4668 3350 4706 vo·

1769 4766 1898 4807 cum
1935 4767 2035 4822 per
2077 4767 2140 4805 se
2175 4751 2482 4804 sumturum
2517 4744 2702 4818 potius
2751 4742 3001 4799 claritate
3039 4740 3348 4797 dicendum.

1770 4839 2042 4911 claritati,
2069 4855 2166 4894 seu
2195 4835 2428 4894 notitiae
2453 4831 2884 4908 significationiS,
2924 4831 3036 4886 duo
3075 4830 3212 4885 vitia
3251 4845 3343 4900 op·

1771 4929 1952 5003 posita
1977 4931 2123 5000 sunt,
2153 4925 2475 4996 obscuritas,
2505 4928 2562 4979 et
2589 4927 2654 4979 ut
2679 4921 2758 4978 sic
2785 4919 2965 4976 dicam
2991 4917 3166 4974 nimia
3191 4914 3350 4973 clari-

1770 5022 1857 5074 tas
1885 5031 1982 5074 seu
2009 5013 2368 5088 ambiguitati,
2398 5012 2513 5069 illic
2541 5012 2694 5067 nulla
2719 5007 3047 5082 signifioetio
3083 5009 3217 5061 nota
3243 5005 3346 5074 est,

1769 5105 1857 5162 hic
1885 5107 2068 5180 plures
2095 5103 2258 5160 simul
2287 5106 2570 5176 afnparent,
2611 5098 2709 5154 sed
2747 5114 2890 5170 quae
2917 5095 2990 5152 sit
3016 5111 3146 5149 voea
3173 5092 3348 5148 inccr-

1768 5197 1890 5250 tum
1916 5198 2016 5250 oet.
2083 5193 2256 5250 Pon-o
2281 5191 2500 5248 claritas
2527 5187 2780 5244 vocabuli
2805 5203 2878 5243 ex
2908 5182 3121 5240 duobus
3147 5181 3348 5239 oritur:

2516 5277 2554 5332 g
2581 5269 2616 5306 s
