3717 5850
1493 658 2005 755 LXXXIX.
2932 697 2947 711 ‘

125 823 892 957 EPISTOLA
980 836 1198 960 AD
1278 840 1644 1027 REV.
1721 847 2385 989 PATREM
2458 760 2764 977 nEs
2858 861 3389 984 BOSSE.

1531 1202 2037 1328 1714„

1592 1413 1726 1423 ...ἠ-..-

1033 1522 1234 1579 (Lemu-
1271 1528 1396 1583 opp.
1432 1529 1508 1576 ed.
1547 1532 1742 1577 nutem
1777 1532 1917 1581 ron.
1946 1536 2011 1581 ΙΙ.
2048 1536 2108 1583 Ρ.
2134 1536 2177 1583 1.
2212 1534 2437 1592 maor.)

504 1820 554 1878 E
579 1822 626 1879 P
653 1822 681 1879 1
707 1822 745 1879 S
772 1822 824 1880 Τ
849 1825 902 1881 0
929 1822 976 1882 L
1005 1825 1058 1882 A
1111 1826 1302 1885 XXV.
1785 1854 1904 1894 esse
1943 1854 2062 1893 rem
2094 1854 2243 1897 mere
2273 1841 2597 1915 mentalem,
2638 1842 2793 1913 cnjus
2823 1843 3240 1903 fundamentum
3269 1846 3382 1902 sint

113 1936 738 2002 Reverendissime
799 1951 1038 2023 pater,
1101 1950 1345 2007 fautor
1407 1950 1703 2009 honora·
1787 1924 2215 1983 ¹¹¹⁰dffi⁰a¹i⁰¹¹0⁵
2253 1928 2609 2027 ⁵5¹¹S⁰¹Pmm

756 2049 1038 2108 tissime
1877 2014 2140 2087 optarem
2180 2016 2341 2072 valde
2390 2014 2597 2071 dissere
2644 2032 2813 2088 quam
2853 2018 3125 2093 primum,
3178 2020 3237 2077 in
3266 2034 3379 2093 quo

1041 2092 1056 2107 ⁸
1788 2100 2090 2157 consistant
2126 2101 2349 2158 Monita
2389 2102 2760 2178 Trivultiana,
2812 2104 2956 2181 eirea
2997 2122 3092 2181 ea,
3147 2123 3289 2179 quae
3317 2108 3379 2165 in

203 2183 566 2257 Inquisitione
595 2188 822 2261 dignum
843 2194 944 2259 est,
973 2190 1235 2264 quidnam
1255 2194 1556 2265 exoogitari
1579 2210 1706 2268 pos·
1791 2204 1921 2243 meo
1948 2187 2097 2245 libro
2124 2195 2358 2246 erronea
2394 2191 2481 2245 vel
2521 2176 2755 2248 obscura
2784 2192 2958 2247 videri
2988 2194 3231 2268 possint3
3260 2198 3378 2251 for·

110 2273 220 2344 sit,
249 2274 396 2345 quod
427 2276 502 2331 sit
529 2280 723 2349 aptum
751 2278 822 2334 ad
852 2280 1158 2336 realitatem
1185 2282 1578 2355 phaenomenis
1607 2298 1705 2338 ex·
1789 2279 1937 2331 tasse
1963 2277 2111 2333 enim
2138 2278 2465 2350 explicando
2500 2284 2740 2335 mentem
2772 2294 2985 2353 meam,
3018 2298 3236 2355 possem
3271 2283 3378 2339 tol-

112 2364 206 2415 ιω
245 2361 602 2435 pemipiontia
645 2365 1042 2423 conciliandam
1059 2406 1075 2439 ,
1114 2384 1216 2424 >seu
1245 2370 1378 2440 quid
1407 2371 1706 2427 constituat
1784 2364 1899 2419 lere
1927 2366 2127 2421 erroris
2156 2366 2393 2437 speciem
2444 2366 2692 2438 Epistola
2738 2367 2969 2439 scripta,
3010 2384 3155 2439 quae
3203 2368 3375 2439 adjici

109 2448 482 2505 substantiam
519 2451 900 2524 compositam.
989 2455 1268 2519 Quantum
1298 2454 1548 2524 judicare
1577 2472 1703 2529 pos-
1787 2466 1965 2507 novae
1994 2452 2226 2508 editioni
2258 2457 2463 2525 posset,
2498 2454 2605 2508 nisi
2638 2452 2694 2507 id
2734 2470 2919 2509 serum
2948 2460 3053 2511 est.

107 2550 236 2591 sum
249 2574 267 2608 ‚
305 2536 530 2595 debebit
567 2539 866 2597 consiste-e
902 2540 960 2597 in
1001 2543 1250 2612 potentia
1288 2542 1467 2599 activa
1495 2549 1552 2601 et
1581 2560 1704 2617 pas·
1874 2538 2204 2611 Quanquam
2232 2539 2400 2595 etiam
2432 2540 2687 2596 absoluta
2716 2539 2985 2613 editione,
3016 2540 3261 2597 nondum
3291 2538 3376 2599 ‹li-

109 2622 238 2679 siva
277 2624 570 2695 primitivis
607 2628 928 2701 compositi,
971 2626 1138 2701 idque
1173 2630 1282 2688 erit
1329 2631 1480 2702 quod
1531 2636 1704 2688 mate-
1783 2625 1999 2681 structis
2040 2642 2143 2699 pro
2172 2630 2330 2697 parte
2357 2627 2797 2700 exemplaribus,
2829 2632 3019 2700 posset
3047 2627 3217 2699 adjici
3242 2630 3376 2687 haee

105 2709 258 2767 riam
284 2711 521 2784 primam
571 2718 628 2769 ot
665 2716 902 2771 formam
932 2716 1346 2775 substantialem
1373 2723 1602 2789 vocant,
1645 2722 1704 2775 et
1785 2712 2100 2770 declaratio.
2146 2714 2338 2786 ltaque
2366 2714 2413 2769 εἰ
2444 2715 2643 2770 saltem
2662 2714 2875 2787 periodi
2895 2716 3105 2773 monita
3126 2716 3223 2774 illa
3243 2733 3374 2774 oon·

105 2799 420 2873 oportebit,
463 2805 526 2855 ut
553 2800 852 2860 accidentia
883 2806 1175 2876 compositi
1203 2805 1316 2862 sint
1344 2804 1462 2873 ejus
1491 2806 1703 2862 modifi·
1785 2800 2019 2856 tinentes
2058 2816 2131 2856 ex
2172 2802 2517 2858 Trivnltiana
2559 2802 2875 2860 recensione
2918 2803 3219 2879 descriptae
3258 2820 3371 2863 me-

104 2888 382 2959 cationes3
411 2902 551 2959 quae
579 2889 798 2962 quidem
827 2892 1170 2948 transitoriae
1197 2896 1342 2964 sunt,
1371 2892 1490 2965 ipsa
1511 2898 1700 2950 autem
1783 2903 1909 2944 eum
1950 2904 2117 2960 quam
2156 2888 2397 2962 primum
2435 2891 2995 2964 communicarentur,
3046 2897 3233 2965 posset
3256 2896 3371 2952 sor-

105 2974 422 3031 substantia
443 2978 744 3048 composita
767 2977 1002 3051 durabit,
1029 2994 1201 3051 aeque
1219 2995 1284 3036 ac
1307 2980 1503 3036 Menas
1524 2981 1698 3037 domi·
1738 3020 1744 3031 .
1783 2979 1927 3030 tasse
1956 2975 2208 3032 satisfieri
2246 2979 2302 3030 et
2330 2975 2687 3032 Trivultianis
2719 2979 2939 3050 vestris,
2973 2983 3030 3032 et
3060 2981 3248 3038 lectori
3265 3021 3282 3054 ,
3312 2985 3373 3038 et

99 3062 315 3120 natrix.
346 3062 510 3118 Nulla
531 3069 716 3121 autem
737 3069 821 3122 est
839 3065 1149 3124 substantia
1166 3066 1472 3139 composita
1493 3077 1592 3123 seu
1614 3084 1697 3124 re·
1737 3034 1742 3090 Ι
1782 3063 1937 3120 mihi.
1962 3063 2030 3119 R.
2044 3063 2263 3118 Patrem
2284 3062 2579 3118 Turnam
2595 3064 2612 3118 i
2626 3079 2779 3122 num
2803 3082 2837 3119 a
2863 3080 2951 3119 me
2974 3065 3370 3123 officiosissime

101 3151 584 3208 vemconstituens
595 3167 957 3226 unumperse‚
972 3154 1080 3210 nisi
1093 3155 1282 3210 ubiest
1293 3155 1492 3212 Menas
1517 3155 1694 3210 domi·
1781 3150 2011 3208 salutari
2040 3153 2186 3222 peto·
2244 3150 2405 3214 Quod
2435 3155 2701 3226 mperest,
2735 3151 2861 3207 vale
2886 3154 2943 3207 et
2973 3153 3115 3210 tave.
3202 3155 3369 3214 vien-

101 3239 298 3294 natrix
308 3253 671 3312 cumeorpore
689 3240 820 3298 vivo
847 3241 1118 3314 organico.
1157 3241 1318 3307 Quod
1341 3243 1424 3298 ais
1445 3243 1696 3300 substan·
1777 3255 1884 3296 nae
1910 3239 2013 3296 21.
2046 3237 2257 3311 Aprilis
2296 3239 2324 3294 1
2339 3238 2484 3295 714.

103 3327 244 3382 tiale
273 3325 406 3381 illud
431 3328 707 3383 vinculum
730 3329 1078 3401 supervenire
1095 3330 1406 3402 composito
1421 3329 1544 3399 ,iam
1567 3346 1694 3388 eon·
2564 3323 2949 3382 Deditissimus

101 3413 306 3470 stituto
327 3429 426 3485 per
452 3415 668 3471 vincula
691 3416 962 3490 modalis,
997 3417 1100 3473 hoo
1124 3417 1202 3474 ita
1230 3417 1578 3491 interpretor,
1608 3423 1688 3491 ut,
2394 3414 2465 3470 G.
2532 3414 2599 3469 G.
2668 3413 2715 3470 1.
2735 3429 2768 3468 e
2790 3413 2811 3468 i
2834 3414 2873 3470 b
2892 3429 2933 3469 n
2956 3414 3063 3470 iti
3086 3429 3122 3471 u
3144 3433 3188 3472 s.

99 3491 535 3574 praescindendo
559 3499 907 3559 &substantia
929 3505 1254 3579 composita,
1273 3505 1537 3562 monades
1559 3521 1690 3561 con·
1865 3499 1925 3555 P.
1956 3499 2009 3555 S.
2048 3498 2276 3556 Gaudeo
2312 3499 2648 3574 intelligere,
2691 3501 2862 3558 falsos
2902 3502 3069 3558 {uisse
3096 3495 3367 3580 rumores,

100 3589 341 3644 stituant
369 3587 584 3646 tantum
614 3603 784 3647 unum
813 3607 912 3665 per
937 3591 1202 3666 aoeidens,
1229 3593 1326 3648 sed
1356 3592 1492 3648 illud
1519 3607 1704 3668 unum·
1775 3586 1872 3658 qui
1912 3585 1983 3651 (16,
2018 3587 2187 3643 caede
2218 3589 2569 3644 Monamffiae
2598 3588 2839 3645 Sinensis
2886 3593 2944 3645 et
2983 3591 3367 3662 persecutione

99 3692 208 3748 per
239 3676 511 3750 accidens,
544 3679 600 3734 ni
631 3679 822 3752 fallor,
851 3679 958 3735 erit
987 3695 1199 3742 menum
1229 3680 1688 3736 Phaenomenum.
1775 3673 2251 3730 Missionanorum
2280 3689 2352 3728 ex
2382 3675 2605 3730 Batavis
2630 3676 2807 3748 sparsi
2835 3677 3019 3748 fuere,
3057 3682 3121 3733 >et
3147 3681 3366 3750 gratum

99 3764 246 3819 Cum
286 3762 436 3820 enim
477 3766 629 3822 nulla
668 3766 1002 3823 modificatio
1031 3783 1128 3840 per
1155 3783 1214 3824 se
1241 3767 1537 3824 subsistere
1565 3783 1690 3840 pos-
1775 3759 1883 3816 erit
1910 3777 2077 3838 porro
2105 3761 2342 3832 dissere,
2372 3762 2495 3832 quis
2524 3761 2605 3817 ibi
2634 3763 2709 3818 sit
2734 3777 2923 3818 rerum
2952 3767 3143 3820 status.

97 3849 210 3925 sit,
262 3851 356 3908 sed
406 3853 771 3912 essentialiter
815 3855 1058 3926 postulet
1097 3853 1403 3924 subjeetum
1442 3856 1692 3911 substan·
1866 3849 1927 3903 P.
1954 3848 2007 3904 S.
2053 3848 2230 3904 2um.
2259 3847 2458 3904 Mense
2480 3847 2653 3921 majo,
2684 3849 2805 3905 Deo
2827 3850 3063 3923 volente,
3096 3845 3238 3908 hino'
3252 3852 3365 3909 dis-

97 3938 270 4011 tiale3
318 3939 446 3996 ideo
476 3940 693 3998 vincula
723 3942 848 4016 illa,
899 3941 1048 4014 quod
1075 3942 1277 4000 habent
1305 3942 1476 4016 reale,
1529 3942 1693 3998 habo-
1774 3935 1985 3992 eedam.
2072 3935 2131 3991 Si
2171 3935 2391 4008 quidem
2432 3933 2499 3991 R.
2537 3936 2597 3991 P.
2642 3937 3115 3995 Turnaminus
3154 3939 3363 4012 mittat,

95 4026 249 4082 bunt
287 4025 346 4082 in
387 4027 790 4084 modificatione
826 4027 1118 4098 cuiuslibet
1147 4030 1402 4088 Monadis
1417 4069 1434 4104 ,
1485 4033 1542 4086 et
1569 4030 1691 4086 har-
1774 4026 1873 4080 aut
1901 4023 1949 4078 si
1977 4022 2051 4080 ad
2091 4026 2147 4078 te
2186 4023 2510 4095 perveniant
2546 4019 2763 4080 Monita
2802 4025 3179 4099 Trivultiana,
3226 4043 3365 4101 rogo

95 4114 294 4170 monia
345 4129 442 4170 seu
499 4131 767 4173 consensu
806 4115 1116 4172 Monadum
1167 4119 1311 4174 inter
1371 4133 1458 4188 se3
1518 4132 1694 4189 neque
1775 4114 1836 4167 ut
1877 4111 2265 4167 Hannoveram
2306 4127 2403 4182 per
2453 4125 2731 4168 cursorem
2778 4111 3121 4169 ordinarium
3160 4113 3364 4200 deferri

94 4203 252 4257 enim
291 4201 549 4258 admittes
591 4203 752 4260 eredo
801 4203 1078 4276 assidens,
1131 4204 1280 4277 quod
1315 4205 1476 4260 simul
1513 4203 1594 4268 ,sit
1630 4204 1690 4260 in
1771 4211 1961 4270 θαι-θεῖ
2012 4199 2143 4256 inde
2180 4197 2327 4254 enim
2368 4197 2531 4270 mihi,
2585 4198 2670 4254 vel
2712 4199 2771 4254 in
2822 4198 3017 4256 itinere
3058 4199 3221 4258 reddi
3260 4219 3362 4274 po-

95 4289 320 4346 duobus
349 4287 625 4358 subjectis.
715 4289 800 4346 Ita
825 4290 898 4362 de
919 4291 1296 4349 Relationibus
1317 4307 1510 4348 oenseo
1537 4290 1690 4348 aliud
1771 4291 1973 4344 terunt.
2060 4287 2220 4358 Rogo
2260 4288 2323 4341 ut
2352 4285 2519 4340 simul
2548 4288 2703 4341 tuum
2726 4285 2998 4356 judicium
3028 4288 3098 4344 de
3123 4287 3362 4348 Monitis

93 4383 222 4432 esse
249 4376 634 4450 paternitatem
663 4377 724 4432 in
753 4376 1058 4452 Davide,
1100 4379 1250 4434 aliud
1280 4379 1600 4436 filiationem
1628 4378 1688 4434 in
1770 4374 2127 4432 Trivultianis
2156 4372 2230 4428 ad
2260 4388 2347 4428 mo
2376 4372 2717 4447 perscribas,
2764 4387 3131 4448 suggerasque
3150 4377 3201 4434 si
3226 4377 3361 4451 quid

94 4465 134 4521 S
147 4465 214 4520 al
229 4479 332 4522 om
345 4479 497 4539 one,
542 4463 638 4521 sed
693 4465 1018 4523 relationem
1067 4481 1416 4525 communem
1469 4467 1688 4539 utrique
1772 4463 1913 4520 mihi
1940 4462 2145 4520 tuendo
2174 4462 2353 4518 faeere
2382 4461 2645 4518 videatur.

1299 4769 2139 4784 -s-—oe———u-u-—ffl-
