3717 5850
1038 332 1107 392 V.
1150 333 1253 393 DE
1282 334 1489 395 s'rmo
1506 334 2038 401 Piumsofflioo
2067 336 2356 399 NIZOLIL

129 470 1647 551 mmmmlioeibmconoctisffltdeipsampeinfin.

128 568 261 643 gaulo
284 563 511 621 admissa
536 562 901 637 ineptitudine
924 563 1067 619 nihil
1104 564 1311 635 (licam)
1340 582 1427 625 res
1454 567 1647 625 obm-

128 674 231 729 me,
254 672 307 711 se
330 670 455 709 vero
480 652 755 725 imperitis
781 656 997 711 tantum
1016 652 1387 730 admirabiles,
1418 654 1647 713 caeteris

128 745 331 803 ridiculos
362 741 599 799 reddere.
688 742 799 797 Par
838 744 922 799 est
958 742 1107 797 ratio
1132 742 1194 799 in
1222 744 1539 817 moralibus
1570 744 1647 801 ci·

126 836 295 903 vilius,
330 835 383 887 et
410 829 683 899 juridicis·
772 830 929 897 Quae
962 846 1133 903 quum
1170 830 1363 889 itidem
1388 833 1503 889 sint
1530 849 1647 891 om-

126 926 242 981 nium
262 918 547 975 intellectui
576 918 847 992 exposita,
878 934 914 975 a
932 920 1095 977 novis
1124 920 1375 977 terminis
1402 922 1647 979 confictis

128 1030 219 1071 mo
240 1008 417 1065 inillis
454 1007 749 1079 quicquam
774 1012 989 1081 praeter
1028 1009 1279 1065 tenebras
1316 1010 1647 1082 sperandum

128 1107 209 1169 ‹st3
234 1114 359 1170 raro,
388 1096 635 1169 inquam‚
665 1112 799 1153 nam
818 1100 875 1153 et
902 1096 1041 1153 illud
1068 1100 1263 1171 fateor,
1294 1098 1503 1155 nullam
1530 1116 1647 1155 esse

127 1188 365 1257 sionnam,
406 1184 467 1239 in
506 1200 621 1257 qm
656 1202 773 1241 non
812 1184 1347 1245 ter-nfinistechnicis
1386 1188 1643 1261 sitopus,

127 1286 221 1335 tum
240 1274 479 1331 nimirum
506 1290 679 1345 quum
708 1274 863 1347 plebs
903 1290 1023 1331 rem
1050 1279 1149 1331 aut
1174 1292 1289 1333 non
1316 1276 1505 1350 sensit,
1548 1280 1647 1333 aut

126 1369 215 1423 sine
249 1362 537 1420 attentione
586 1378 775 1419 rursus
824 1362 1053 1419 dimisit.
1138 1363 1207 1421 Iu
1244 1362 1645 1421 Mathematicis

126 1462 279 1525 autem,
302 1450 541 1521 Physicis
568 1456 627 1507 et
644 1451 973 1519 Meclnnicis
1000 1452 1245 1509 maxime
1270 1453 1433 1509 novis
1460 1453 1646 1511 termi-

126 1545 187 1601 nis
206 1546 285 1599 ant
304 1556 443 1597 nove
467 1541 669 1597 sumtis
706 1557 847 1613 opus
886 1544 999 1613 est,
1028 1556 1169 1613 quae
1204 1541 1267 1599 in
1292 1542 1379 1597 his
1404 1541 1645 1615 discipli·

126 1635 187 1689 nis
204 1634 491 1701 emantur,
522 1629 783 1702 pleraque
810 1645 924 1687 non
952 1635 1082 1685 sunt
1108 1630 1295 1687 statim
1336 1631 1519 1687 sensui
1548 1629 1645 1687 ob-

126 1738 203 1794 m,
226 1724 308 1775 aut
338 1718 397 1773 in
434 1734 545 1775 usu
580 1716 863 1775 communi
902 1719 1095 1775 crebro
1132 1719 1421 1777 versantia.
1512 1720 1646 1777 Pro-

125 1813 333 1867 ducuntur
374 1806 531 1863 enim
562 1822 663 1865 eae
698 1825 805 1879 res,
844 1811 941 1865 aut
968 1807 1293 1879 deteguntm·
1334 1806 1643 1881 qualitates,

124 1897 247 1955 variis
276 1912 443 1953 renim
482 1895 553 1952 in
590 1900 773 1968 partes
800 1896 1179 1971 divislonibus‚
1222 1896 1642 1970 mutationibus,

122 1988 323 2057 niotiboe,
348 1984 743 2057 enitionibus,
772 1984 1221 2058 deti-actionibus,
1266 1985 1645 2043 transloeatio—

120 2076 257 2146 dhus,
278 2072 778 2145 commixtionibus,
806 2076 865 2129 et
890 2074 1123 2131 omnino
1140 2074 1643 2148 experimentorum

120 2163 361 2236 minaciis,
388 2178 535 2235 quae
572 2163 767 2234 vulgus
795 2162 901 2219 nisi
928 2162 1249 2219 necessitate
1274 2168 1525 2221 coactum
1566 2166 1645 2221 fa-

119 2272 207 2309 eere
234 2268 335 2307 non
366 2252 505 2307 solet
523 2293 546 2324 ‚
584 2250 779 2309 artifici
812 2250 1055 2321 cujusvis
1092 2252 1353 2309 scientiae
1388 2252 1525 2309 talia
1560 2268 1645 2309 re-

121 2344 331 2415 linquens.
420 2340 537 2397 sed
584 2340 689 2397 etsi
738 2340 961 2397 termini
1007 2341 1235 2397 tedmici
1286 2357 1485 2415 parum
1530 2342 1645 2399 sint

118 2429 411 2504 popular-ihm
432 2428 959 2501 compendiosiores,
986 2428 1235 2487 notabile
1258 2434 1447 2487 tamen
1474 2430 1643 2487 taedii

118 2525 189 2575 aut
206 2518 475 2575 memoriae
502 2518 883 2575 levamentum
908 2518 1036 2575 hinc
1062 2534 1179 2575 non
1206 2518 1434 2593 oriatur,
1466 2518 1644 2575 mani·

120 2611 271 2664 sermm
292 2612 371 2663 est
394 2606 595 2663 itidem
624 2606 881 2665 techniiis
908 2606 970 2663 in
988 2606 1427 2681 philosoplnndo
1452 2608 1643 2665 utilius

117 2696 341 2755 abstineri.
533 2722 547 2744 r

180 2786 306 2841 XVI.
344 2784 443 2841 Est
466 2787 663 2841 tamen
690 2782 837 2841 inter
872 2784 1293 2857 philosophandi
1330 2785 1525 2843 modos
1562 2784 1645 2843 di·

118 2872 1007 2948 mimmingmaliusenimest,
1048 2873 1441 2948 utsicdican1,
1470 2874 1643 2932 Acro-

118 2965 349 3036 amitas,
384 2962 527 3018 alius
574 2962 917 3020 Exotericus.
991 2963 1403 3020 Acroamaticns
1442 2968 1543 3037 est,
1582 2965 1642 3020 in

119 3068 199 3124 quo
218 3053 383 3108 omnia
408 3052 873 3124 demonstrantur,
896 3051 1235 3125 Exotericus,
1264 3052 1327 3108 in
1346 3069 1457 3125 quo
1478 3069 1644 3126 quae-

119 3141 215 3197 dam
250 3142 357 3198 sine
400 3140 875 3198 demonstratione
920 3141 1203 3214 dicuntur,
1254 3143 1645 3198 confirmantur

119 3233 261 3286 nmen
290 3229 657 3304 congruentiis
694 3229 1021 3302 quibusdam
1060 3235 1119 3286 et
1154 3229 1463 3288 rationibus
1502 3230 1643 3303 topi-

120 3319 187 3391 cis,
212 3321 283 3374 vel
304 3319 467 3376 etiam
494 3317 991 3390 momentariis,
1032 3318 1133 3375 sed
1169 3335 1285 3376 non
1322 3319 1431 3375 nisi
1460 3319 1641 3392 topice

118 3407 369 3480 propontis,
394 3408 747 3464 illustrantur
770 3406 1037 3480 exemplis
1062 3411 1123 3464 et
1156 3407 1638 3481 similitudinibuffl,

117 3496 197 3552 talc
218 3497 405 3552 dicmth'
432 3511 610 3569 genus
630 3495 1001 3568 dogmticum
1028 3497 1251 3568 quidem
1276 3513 1373 3553 sen
1402 3496 1639 3570 philoso-

116 3585 1636 3660 plicmestacrmmaticumtamenmnesgidcst,

116 3689 201 3728 non
238 3675 712 3746 rigorosissimum‚
762 3690 878 3730 non
926 3673 1357 3730 exactissimum.
1454 3675 1639 3746 Atque

113 3761 195 3816 ista
224 3763 505 3820 differentia
544 3763 719 3819 etiam
756 3763 903 3835 aqud
928 3763 1347 3820 Maunematicos
1382 3763 1639 3832 observa·-

114 3855 198 3905 tnr.
248 3851 587 3924 Distinguunt
620 3851 771 3908 emm
810 3869 849 3908 a
876 3851 1449 3920 Demonstrationibus
1486 3851 1639 3908 seho-

114 3937 187 4008 lia,
214 3939 677 3998 demonstrationes
712 3940 1111 4014 rigorosissime
1150 3945 1211 3997 et
1256 3939 1637 4012 acroamaticq

114 4027 272 4084 seclia
302 4029 457 4118 paulo
502 4029 837 4086 familiarius
872 4034 1037 4103 atque
1084 4029 1363 4086 exoterica
1396 4029 1637 4101 quadam

115 4115 281 4173 tatione
312 4123 633 4192 tractantur,
685 4119 831 4191 quod
872 4119 959 4174 vel
994 4134 1068 4174 ex
1108 4119 1229 4174 solo
1268 4117 1521 4175 Proclo
1572 4117 1635 4174 in

116 4203 409 4262 Euclidem
436 4212 609 4280 patet,
634 4207 727 4279 qui
758 4208 819 4262 in
844 4207 1063 4264 scholiis
1084 4207 1341 4264 historica
1366 4207 1637 4278 quaedam

114 4293 829 4367 etqniequidreiillostrandae
848 4296 1036 4368 facit,
1020 4311 1329 4370 inspergere
1350 4311 1465 4352 non
1476 4295 1635 4352 dubi-

114 4385 182 4436 tat.
203 4383 415 4440 Gemina
430 4385 561 4442 hnic
577 4384 918 4442 distinctioni
936 4384 1311 4442 distinetioest
1327 4383 1471 4440 inter
1481 4399 1637 4456 prae·

114 4477 225 4542 cepta
250 4477 301 4528 et
320 4474 729 4546 commentaria,
758 4490 927 4546 quam
945 4472 1477 4530 Bartholomaeo
1508 4474 1637 4528 Ke-

114 4556 469 4619 etex-manno
516 4567 577 4619 et
611 4563 917 4619 Johanni
964 4563 1264 4620 Henrico
1303 4561 1633 4618 Alstedio

114 4647 271 4705 utiliter
283 4651 549 4724 plamisse
566 4651 749 4725 video,
774 4657 832 4708 et
850 4651 1028 4708 tenuit
1044 4667 1259 4724 quoque
1280 4650 1367 4707 vir
1384 4666 1635 4706 summae

115 4733 337 4796 (bunnae
354 4739 749 4797 Ger-hardus
767 4739 1417 4796 JohannesVossius
1438 4740 1500 4795 in
1518 4739 1633 4796 suis

114 4825 263 4882 artium
280 4828 587 4885 libanlium
604 4845 669 4885 ac
688 4827 1035 4902 popularium
1055 4827 1457 4902 partitionibus.
1487 4828 1635 4885 Usus

113 4909 230 4980 huius
250 4917 575 4973 discriminis
608 4922 719 4991 est,
758 4921 824 4974 ut
860 4934 977 4973 non
1016 4917 1323 4991 interrupto
1360 4917 1633 4974 definitio-

113 5015 223 5075 num,
254 5006 583 5063 divisionum
620 5011 679 5062 et
712 5007 1243 5064 demonstrationum
1278 5023 1441 5063 eursu
1466 5007 1635 5062 inter-

112 5102 245 5148 serere
278 5099 453 5151 tamen
490 5095 763 5152 nonnulla
796 5095 942 5153 scitu
980 5095 1147 5168 digna
1188 5101 1287 5153 aut
1310 5095 1483 5152 etiam
1509 5111 1636 5168 pro-

113 5177 249 5236 futura
278 5183 445 5241 liceat.
536 5184 901 5258 Quaecunque
940 5184 1109 5258 igitur
1144 5184 1215 5242 de
1254 5184 1367 5240 stili
1396 5185 1635 5258 philoso-

3241 338 3331 409 63

1744 479 1892 553 phici
1919 478 2134 539 ratione
2161 481 2306 539 dicta
2333 486 2480 558 sunt,
2509 484 3158 559 departeAcmamatica
3183 490 3330 549 dicta

1744 573 1928 627 sunto.
2013 570 2082 625 ln
2109 568 2402 629 Exoteriea
2437 589 2634 644 pertun
2669 577 2938 633 luxuriari
2975 578 3158 653 liceat,
3189 584 3252 637 nt
3277 582 3327 638 si

1744 657 2064 715 certitudini
2091 658 2319 733 aliquid,
2351 660 2589 717 claritati
2618 667 2803 721 tamen
2841 666 2980 723 nihil
3005 672 3104 724 aut
3129 685 3327 741 parum

1744 746 1990 805 decedat.
2077 748 2460 805 Acroamatiea
2487 754 2676 809 autem
2701 770 2828 825 pers
2854 761 3070 813 constat
3097 762 3160 813 ut
3187 758 3324 833 dixi,

1746 835 2172 910 definitionibus,
2223 838 2589 896 divisionibus
2629 844 2686 897 et
2735 842 3325 921 demonstrationibus3

1744 940 2060 997 quanquam
2087 925 2448 985 divisionibus
2473 928 2814 1001 supersederi
2839 932 3030 1005 possit,
3069 936 3328 1006 quamd-

1746 1014 1976 1071 modum
2011 1014 2342 1075 Euclides
2379 1016 2492 1073 illis
2523 1017 2716 1092 amnt,
2757 1019 2968 1077 utiliter
3003 1025 3190 1079 tamen
3230 1024 3326 1081 ad-

1744 1102 2028 1177 hibentur,
2069 1104 2266 1159 saltem
2305 1104 2376 1161 ad
2413 1105 2758 1163 definitiones
2793 1108 2940 1165 inter
2975 1127 3035 1165 se
3073 1094 3327 1169 oreimis

1744 1191 2158 1266 connectendas,
2190 1192 2592 1265 propositiones
2619 1196 2770 1251 enim
2797 1213 2913 1253 nou
2941 1197 3322 1275 divisionibus,

1746 1280 1843 1336 sed
1872 1280 2427 1339 demonstrationibus
2453 1286 2702 1341 connecti
2729 1286 2948 1343 debent.
3004 1288 3326 1361 Quicum

1745 1368 1914 1441 iffl'tur
1941 1373 2190 1425 accurate
2215 1370 2440 1427 definire
2465 1376 2564 1429 aut
2583 1372 2846 1445 dividere,
2875 1379 2933 1431 et
2941 1376 3326 1435 demonstrare

1745 1474 1843 1513 seu
1891 1462 2100 1515 certam
2149 1459 2428 1559 quandam
2469 1462 2902 1535 propositionem
2933 1466 3162 1522 reddere
3199 1482 3326 1540 pro-

1746 1546 1946 1617 fitetur,
1996 1545 2394 1619 rigorosissime
2443 1566 2504 1606 se
2551 1568 2762 1625 gerere,
2823 1568 2926 1608 nec
2975 1570 3166 1610 vocem
3213 1554 3326 1611 nisi

1744 1633 2053 1708 definitam,
2107 1640 2206 1691 aut
2253 1638 2685 1710 propositionem
2733 1640 2842 1699 nisi
2891 1642 3326 1701 demonstratam

1744 1726 1843 1779 aut
1871 1722 2190 1779 immediato
2218 1741 2382 1781 sensu
2418 1730 2624 1783 certam
2661 1729 2723 1784 in
2761 1730 3190 1789 demonstrando
3229 1732 3325 1789 ad·

1742 1812 1932 1869 hibere
1983 1812 2164 1869 debet.
2253 1813 2340 1869 De
2385 1818 2604 1871 caetero
2651 1816 2813 1873 liccat
2860 1821 3090 1877 fortasse
3137 1824 3324 1877 acutas

1742 1916 2142 1972 nonnunquam
2169 1900 2482 1974 allusiones,
2523 1904 2926 1979 similitudines,
2955 1910 3320 1982 metaphoras,

1742 1988 2016 2062 exempla,
2058 1990 2324 2062 argutias,
2363 1989 2618 2049 historias
2658 1993 2973 2067 inspergom
3009 2001 3068 2053 et
3105 1996 3324 2054 lectoris

1743 2077 1874 2135 fessi
1909 2077 2160 2133 animum
2187 2077 2552 2147 jucunditatis
2587 2080 2884 2139 interstitio
2921 2100 3191 2158 recreare,
3243 2086 3324 2143 sic

1744 2170 1950 2239 tamen,
1999 2170 2066 2221 ut
2110 2170 2241 2224 tunc
2281 2182 2498 2241 quoque
2535 2169 2716 2227 omnis
2767 2172 3090 2246 obscur-itas,
3141 2174 3325 2229 omnis

1744 2254 2170 2313 translationum
2195 2256 2450 2313 nimietas
2477 2257 2696 2315 vitetur.

1830 2344 2010 2401 Xvn.
2053 2344 2198 2401 Illud
2235 2360 2454 2418 quoqne
2487 2346 2592 2403 hoc
2629 2348 2754 2405 loco
2781 2350 3070 2407 admonitu
3095 2348 3324 2423 dignum

1742 2432 1926 2489 visum
1961 2437 2062 2505 est,
2101 2432 2232 2505 quia
2274 2436 2442 2507 vulgo
2473 2440 2667 2493 contra
2703 2438 2966 2513 sentiunt,
2997 2438 3144 2495 inter
3169 2454 3324 2497 aecn-

1742 2526 1864 2579 rate
1911 2521 2406 2596 philosophandum
2463 2526 2730 2583 concretis
2791 2531 3009 2588 tantum
3057 2528 3324 2584 utendum

1743 2626 1892 2683 esse,
1945 2610 2111 2683 idque
2159 2611 2342 2712 ipsum
2379 2612 2840 2671 Aristotelem
2877 2616 3196 2709 plerumque
3244 2618 3323 2673 fe-

1742 2699 1880 2757 nime
1927 2699 2119 2771 video,
2177 2685 2419 2766 ποσὸν,
2461 2688 2680 2769 «occia,
2722 2690 2806 2757 τοὶ
2847 2688 2998 2775 πρός
3039 2718 3103 2757 τι
3143 2705 3326 2800 potius

1740 2788 1849 2861 ipsi
1875 2788 1940 2845 in
1967 2805 2064 2844 ore
2089 2793 2238 2861 sunt,
2269 2805 2434 2861 quam
2461 2774 2756 2862 ποσότης,
2776 2776 3050 2864 ποιότης,
3069 2776 3324 2861 σχέσις,

1742 2894 1839 2934 seu
1879 2877 1930 2934 si
1965 2877 2046 2934 sic
2081 2877 2234 2950 loqui
2273 2880 2358 2935 fas
2395 2884 2553 2954 emet,
2593 2894 3002 2955 apog-worm,
3057 2881 3118 2939 id
3157 2883 3324 2984 vulgo

1742 2971 2036 3023 sectatores
2063 2973 2344 3042 excusant,
2375 2969 2534 3040 quasi
2554 2969 2810 3042 pinguius
2837 2973 3060 3044 factum,
3083 2987 3148 3028 ac
3165 2988 3244 3046 se,
3271 2971 3322 3027 si

1742 3055 1849 3112 diis
1885 3055 2080 3127 placet,
2127 3055 2394 3112 acutiores
2431 3056 2738 3132 somniant,
2789 3075 2960 3132 quum
2997 3059 3188 3116 omnia
3225 3059 3324 3118 ab·

1738 3143 1954 3200 stu-actis
1981 3143 2286 3216 compbntr,
2315 3161 2485 3217 quum
2511 3151 2706 3204 contra
2743 3165 2844 3220 pro
2885 3153 3035 3205 certo
3077 3164 3324 3221 comper·

1740 3237 1864 3290 tum
1897 3233 1974 3288 sit
2010 3233 2178 3290 istam
2212 3233 2488 3290 abstracta
2526 3236 2796 3292 vocabula
2819 3236 3170 3311 excogitandi
3196 3236 3324 3294 libi·

1740 3322 1930 3378 dinem
1957 3337 2100 3395 pene
2137 3325 2315 3378 totam
2341 3323 2506 3380 nobis
2545 3324 2948 3399 philosophiam
2985 3327 3320 3398 obscurasse,

1742 3410 1942 3484 quibus
1971 3414 2159 3466 tamen
2185 3412 2358 3468 careri
2383 3412 2446 3468 in
2475 3413 2908 3486 philosofffliando
2935 3431 3160 3486 prorsus
3199 3418 3324 3488 pot·-

1736 3504 1837 3557 est.
1885 3499 2030 3556 Nam
2057 3505 2308 3556 concreta
2335 3517 2464 3557 vere
2489 3519 2578 3558 res
2595 3507 2742 3577 sunt,
2765 3504 3042 3560 absh-acta
3061 3520 3176 3561 non
3194 3507 3324 3560 sumt

1738 3605 1825 3645 res
1854 3587 1952 3644 scd
1979 3604 2164 3644 rerum
2191 3589 2364 3661 modi,
2405 3591 2557 3646 modi
2597 3595 2784 3648 antem
2824 3593 2962 3648 nihil
3001 3593 3156 3648 aliud
3191 3595 3323 3650 sunt

1738 3693 1906 3750 qmm
1941 3676 2234 3734 relationes
2261 3677 2344 3733 rei
2383 3678 2458 3734 ad
2483 3678 2841 3754 intellectum,
2887 3697 2983 3736 seu
3021 3680 3323 3754 apparendi

1738 3764 2040 3821 facultates.
2091 3765 2166 3820 Et
2213 3781 2346 3822 vero
2396 3767 2560 3822 datur
2607 3768 2900 3824 modorum
2935 3769 2998 3824 in
3045 3770 3323 3826 infinitum

1736 3852 2048 3926 replicatio,
2089 3857 2148 3908 et
2187 3853 2521 3926 qualitatum
2553 3855 2847 3928 qualitates
2883 3860 2941 3912 et
2977 3858 3193 3914 numeri
3221 3873 3324 3914 nn-

1736 3957 2030 4014 merorum,
2061 3956 2202 4014 quae
2227 3941 2279 3996 si
2305 3942 2496 3999 omnia
2523 3961 2610 3999 res
2627 3949 2774 4018 sunt,
2797 3961 2914 4001 non
2931 3945 3176 4004 infinitas
3203 3954 3324 4002 tan·

1737 4036 1888 4104 tum,
1929 4031 2026 4086 sed
2065 4035 2125 4086 et
2161 4031 2520 4088 contradictio
2567 4032 2758 4090 ιιι-ἱππ.
2846 4033 2992 4090 Nam
3029 4034 3084 4091 si
3119 4035 3322 4092 entitas

1738 4137 1837 4178 ens
1865 4124 1966 4192 est,
2007 4119 2056 4174 si
2093 4119 2316 4176 realitas
2353 4137 2444 4176 res
2482 4125 2582 4193 est,
2623 4121 2675 4176 si
2709 4122 3070 4195 aliquidditas
3109 4125 3319 4196 aliquid

1734 4214 1835 4281 est,
1867 4209 2015 4265 idem
2041 4207 2148 4264 erit
2185 4211 2364 4264 forma
2401 4209 2488 4264 sui
2517 4210 2688 4282 ipsius
2725 4228 2822 4266 seu
2863 4227 2992 4284 pars
3029 4217 3322 4286 conceptus

1734 4298 1839 4371 sui,
1880 4297 2031 4370 qnod
2057 4296 2318 4369 implicat.
2407 4297 2466 4354 Si
2504 4297 2630 4370 quis
2653 4298 2824 4372 igitur
2859 4300 3158 4374 aliquando
3196 4303 3326 4358 Ele-

1734 4391 1924 4442 menta
1949 4384 2332 4458 Philosophiae
2357 4389 2596 4458 perfecte
2629 4389 3022 4446 constituturus
3047 4395 3150 4464 est,
3192 4407 3326 4448 eum

1733 4475 2022 4532 alntractis
2047 4491 2220 4548 prope
2247 4474 2466 4548 penitus
2491 4476 2768 4534 abstinere
2803 4494 3022 4535 netaesse
3047 4484 3146 4536 est.
3213 4481 3322 4538 Re-

1732 4565 1932 4621 cordor
1969 4563 2194 4636 quidem
2231 4563 2604 4620 acutissimum
2641 4566 3070 4624 Hobbesium
3107 4569 3322 4626 abstra-

1732 4653 1835 4710 ctis
1877 4653 2122 4724 aliquam
2158 4653 2456 4710 utilitatem
2495 4654 2751 4728 tribuere,
2792 4655 2958 4729 idque
2995 4674 3063 4714 eo
3101 4658 3318 4733 potissi-

1732 4757 1888 4798 mum
1914 4744 2254 4815 argumento,
2284 4743 2434 4815 quod
2461 4744 2706 4817 exempli
2729 4761 2893 4802 caiisa
2929 4745 3081 4802 alind
3117 4747 3194 4802 sit
3219 4748 3318 4804 du·

1732 4829 1936 4904 plicare
1981 4829 2186 4902 calida,
2239 4831 2388 4887 aliud
2439 4831 2718 4906 duplicare
2763 4834 3022 4892 calorem.
3111 4835 3316 4892 Verum

1734 4920 1868 4976 haec
1905 4918 2024 4992 ipsa
2062 4918 2260 4975 caloris
2307 4920 2608 4993 duplicatio
2645 4922 2896 4978 terminis
2931 4923 3196 4979 concretis
3235 4923 3316 4979 ef·

1737 5008 1867 5064 ferri
1895 5011 2092 5082 potest,
2122 5025 2256 5064 nam
2281 5009 2330 5064 si
2359 5009 2542 5066 dicam
2568 5012 2800 5067 eandem
2827 5026 2947 5068 rem
2983 5011 3152 5084 duplo
3181 5010 3314 5066 cali·

1736 5096 1946 5172 (liorem
1986 5113 2104 5155 esse
2143 5099 2376 5169 factam,
2423 5097 2542 5167 jam
2588 5100 2922 5173 intelligetur
2957 5115 3072 5154 non
3111 5099 3309 5172 calida,

1728 5163 1829 5243 sed
1854 5186 2096 5243 calorem
2123 5185 2460 5260 duplicatum
2495 5204 2629 5245 esse.
2717 5188 3101 5246 Ter-minorum
3141 5187 3312 5263 igitur
