3717 5850
356 298 445 366 58

354 447 811 510 Scliolasticorum
836 440 1113 502 tractandi
1138 441 1431 514 rationem,
1471 439 1823 498 tenebrarum
1860 439 1944 496 af·-

359 541 537 614 ratim,
580 551 777 610 parum
812 548 997 590 rerum
1026 530 1277 606 utilium,
1310 529 1615 603 elegantiae
1652 545 1785 586 vero
1824 543 1944 584 0111-

357 630 492 688 nino
513 625 653 684 nihil
671 623 1074 692 continentem,
1096 620 1191 676 sed
1215 625 1272 676 et
1291 619 1563 692 impetum
1574 618 1771 674 sumsit
1790 632 1946 674 men-

354 723 472 775 tem
481 717 622 773 hanc
632 729 809 784 suam,
823 715 878 768 et
888 710 961 768 ad
972 725 1096 765 eain
1104 707 1537 765 confirmandam
1546 706 1831 779 meditata,
1842 705 1946 762 hoc

357 821 495 864 aevo
506 800 876 861 restaurandis
891 800 1103 856 artibus
1114 797 1287 870 fatali,
1298 797 1515 870 publice
1524 794 1855 869 exponendi.
1875 795 1948 850 Et

358 895 563 970 passim
574 890 797 964 quidem
806 889 869 944 iii
879 887 1095 960 seriptis
1112 886 1227 942 suis
1232 886 1485 942 excidere
1492 884 1601 940 sibi
1610 883 1746 940 talia
1754 897 1946 955 passus

354 988 458 1058 est,
488 985 547 1038 et
570 985 633 1036 ut
652 978 803 1036 credi
822 994 925 1051 par
942 981 1042 1050 est,
1074 979 1329 1032 oretenus
1358 975 1487 1030 data
1514 971 1799 1028 occasione
1826 987 1948 1026 mo-

358 1072 512 1142 nuit,
540 1069 639 1126 sed
666 1068 741 1124 ad
760 1067 975 1136 justum
1002 1081 1141 1138 opus
1170 1062 1545 1134 occupandum
1572 1060 1673 1116 hac
1701 1060 1942 1132 demum,

358 1176 500 1234 quae
527 1157 771 1230 sequitur
797 1154 1079 1214 occasione
1107 1156 1407 1224 pertractus
1428 1150 1663 1206 videtur.
1706 1147 1946 1222 Scripse-

360 1253 448 1305 rat
468 1246 745 1303 Caelius
774 1240 1233 1314 calcagninus
1260 1238 1660 1313 disputationes
1686 1236 1806 1294 sive
1832 1237 1942 1294 dis-

358 1335 681 1411 quisitiones
716 1331 965 1390 Basileae
1000 1329 1147 1402 apud
1186 1326 1605 1385 Frobenium
1652 1342 1801 1384 anno
1852 1341 1943 1380 su-

358 1424 591 1500 perioris
640 1421 807 1478 seculi
864 1420 963 1478 44.
1014 1417 1207 1490 editas,
1250 1417 1451 1488 quibus
1501 1416 1669 1488 paulo
1716 1414 1943 1472 liberius

360 1512 555 1572 Officia
604 1507 973 1567 Ciceronis
1022 1505 1467 1579 reprehendebat.
1554 1503 1831 1560 Continuo
1883 1501 1944 1559 id

358 1602 505 1660 maie
528 1598 723 1659 habuit
748 1597 940 1652 doctos
979 1595 1131 1650 viros
1156 1593 1382 1650 Tullii
1418 1594 1671 1666 cultores,
1713 1609 1789 1648 ex
1822 1590 1942 1664 qui-

358 1691 465 1748 bus
520 1688 658 1742 Jac.
728 1684 1125 1757 Grypholus
1182 1683 1395 1738 Romae
1448 1682 1598 1755 apud
1654 1680 1940 1752 Aldum,

359 1778 631 1836 Marcus
708 1771 1063 1829 Antonius
1134 1769 1570 1843 MaJoragius
1639 1767 1945 1826 Mediolani

358 1863 677 1925 Ciceroni
691 1881 719 1918 s
747 1861 1123 1918 defensionem
1152 1859 1386 1916 edidere.
1453 1859 1533 1914 At
1560 1857 1946 1932 superveniens

358 1952 710 2022 Nizolius,
732 1949 1045 2006 Caelium
1066 1948 1215 2020 quod
1236 1947 1639 2004 Ciceronem
1660 1947 1948 2019 impugna-

359 2046 463 2115 ret,
485 2038 978 2111 Majoragium,
1002 2037 1151 2108 qnod
1181 2037 1587 2094 Ciceronem
1606 2039 1663 2091 et
1682 2035 1945 2092 Aristo-

359 2130 567 2188 telem
596 2128 766 2186 simul
794 2126 1011 2182 defendi
1040 2143 1201 2198 posse
1228 2129 1469 2199 putaret,
1502 2124 1945 2196 perstringendos

360 2219 574 2278 sunisit.
660 2216 933 2289 Scriptum
982 2213 1121 2270 illud
1160 2213 1430 2270 Nizolii
1480 2217 1601 2270 tum
1648 2213 1945 2285 separatim

360 2309 689 2380 impressum
717 2307 817 2376 est,
858 2309 978 2359 tum
1006 2302 1169 2358 titulo
1200 2303 1577 2358 defensionum
1604 2302 1817 2372 aliquot
1836 2300 1945 2357 Ci-

362 2395 645 2454 ceronis
672 2394 939 2464 locorum,
970 2391 1203 2448 editioni
1232 2391 1599 2448 Ciceronis
1638 2389 1946 2446 officiorum

363 2485 607 2543 Venetae
625 2499 774 2538 anno
814 2481 998 2536 1554.
1024 2479 1085 2534 in
1106 2479 1241 2536 folio
1268 2480 1579 2537 subnexum
1598 2482 1697 2534 est.
1752 2478 1947 2534 Cice·

362 2573 555 2632 tonis
607 2571 776 2626 etiam
814 2573 997 2642 partes
1034 2585 1192 2640 egere
1227 2567 1459 2624 Joach.
1500 2567 1947 2624 Camerarius

362 2667 423 2720 et
450 2661 637 2718 Hier.
669 2659 989 2730 Wolfius,
1034 2656 1498 2728 quemadmodum
1537 2661 1594 2714 et
1632 2655 1946 2730 nuperrime

362 2749 705 2809 Clarissimus
733 2748 907 2804 Sam.
934 2745 1334 2817 Rachelius,
1365 2745 1721 2802 illustrandae
1746 2744 1945 2800 morali

362 2837 689 2896 Ciceroni
702 2853 729 2890 s
757 2833 1141 2907 Philosophiae
1168 2833 1435 2892 laudabili
1456 2839 1657 2890 conatu
1679 2832 1944 2890 incubuit.

362 2929 569 2985 Verum
596 2923 1028 2997 Majoragius
1064 2922 1215 2997 carpi
1242 2941 1302 2981 se
1330 2940 1365 2979 a
1394 2922 1677 2981 Nizolio
1714 2939 1829 2980 non
1865 2921 1946 2979 la-

360 3016 559 3075 cessito
585 3014 863 3087 indignius
888 3028 1057 3085 quam
1084 3029 1187 3085 pro
1214 3011 1451 3082 inim-iae
1488 3012 1759 3086 parvitate
1798 3011 1943 3083 tulit,

360 3105 678 3161 stimulante
706 3118 835 3157 eum
873 3101 1264 3157 Octaviano
1304 3100 1629 3157 Ferrario
1677 3100 1948 3173 peripate-

362 3194 475 3249 tico
502 3190 703 3249 celebri
730 3194 789 3245 et
816 3189 1050 3260 erudite,
1088 3189 1184 3259 qui
1216 3189 1481 3244 Nizolii
1520 3189 1768 3244 aemulus
1805 3192 1942 3261 erat,

360 3285 423 3339 et
448 3282 759 3339 libertatem
786 3278 941 3333 illam
970 3277 1040 3333 dc
1067 3275 1469 3333 Aristotele
1490 3275 1778 3345 judicandi
1814 3292 1946 3332 con-

362 3386 595 3442 coquere
620 3384 737 3423 non
764 3369 996 3438 poterat.
1082 3363 1261 3434 Huius
1298 3364 1557 3421 subsidiis
1592 3367 1760 3421 fretus
1800 3365 1862 3421 M
1875 3382 1947 3421 a·

356 3457 518 3527 jora
527 3456 681 3529 gius
718 3454 935 3525 scripsit
976 3453 1170 3509 acerbe
1208 3453 1345 3509 satis
1371 3453 1547 3510 libros
1575 3454 1712 3511 duos
1742 3452 1946 3527 Repre-

362 3546 687 3607 hessionum
724 3546 919 3599 eontra
959 3541 1255 3597 Marium
1304 3542 1692 3615 Nizolium,
1744 3543 1944 3615 quibus

362 3632 591 3692 meunt
616 3633 883 3689 recusatio
912 3630 1163 3686 omnium
1199 3646 1409 3705 eorum,
1450 3646 1592 3703 quae
1620 3631 1820 3688 Nizol
1838 3632 1945 3686 ius

362 3724 424 3781 in
452 3720 817 3781 decisionibus
837 3718 1083 3789 ejusdem
1104 3718 1371 3788 Majora
1378 3720 1479 3792 gii
1506 3724 1771 3793 tanquam
1798 3720 1944 3776 male

358 3812 541 3887 posita
576 3809 879 3867 annotavit.
966 3809 1052 3865 lta
1092 3813 1309 3867 coactus
1362 3810 1584 3866 tandem
1623 3809 1942 3865 Nizolius

357 3917 419 3959 re
480 3904 599 3957 tota
659 3898 729 3955 ad
788 3897 1092 3955 accuratius
1148 3914 1387 3955 examen
1444 3902 1701 3955 revocata
1766 3898 1944 3954 edidit

357 3990 459 4046 lios
498 3988 673 4045 libros
708 3986 801 4043 IV.
851 3986 921 4043 de
956 3986 1101 4041 veris
1138 3985 1423 4059 principiis
1460 3990 1519 4041 et
1558 4002 1688 4042 vera
1727 3986 1942 4043 ratione

356 4074 794 4149 philosopinudi,
836 4073 1036 4145 quibus
1064 4074 1365 4129 sententias
1392 4088 1519 4129 suas
1548 4090 1585 4129 a
1614 4073 1940 4130 Ferrario

357 4168 417 4221 et
443 4162 713 4232 Majora
726 4162 841 4234 gio
868 4161 1235 4234 reprehensas,
1264 4164 1563 4232 antequam
1598 4161 1731 4217 satis
1760 4162 1940 4219 editae

356 4255 554 4324 essent,
584 4266 698 4306 non
725 4249 968 4322 publicat
996 4252 1227 4321 tantum,
1270 4249 1367 4303 sed
1406 4254 1463 4304 ct
1490 4250 1621 4306 data
1649 4266 1817 4323 opera
1846 4250 1939 4320 J’u-

354 4346 549 4414 stoque
584 4338 789 4411 scripto
826 4337 1087 4393 defendit.
1174 4335 1314 4406 Maj
1328 4338 1557 4410 oragii
1596 4344 1781 4395 autem
1818 4338 1939 4395 sola

354 4428 712 4504 praefatione,
736 4430 793 4482 et
812 4425 941 4482 libri
962 4424 1057 4481 IV.
1076 4442 1195 4499 cap.
1222 4428 1279 4483 6.
1300 4426 1569 4499 meminit,
1591 4428 1689 4483 ubi
1708 4434 1934 4501 pugnat,

354 4518 547 4575 Ethica
574 4515 937 4573 Nicomachen
982 4531 1098 4571 non
1138 4515 1563 4572 Aristotelis
1618 4516 1691 4573 ad
1731 4518 1937 4574 Nico·

352 4606 691 4677 inachum,
730 4604 828 4661 sed
867 4602 1272 4661 Nicomachi
1317 4605 1491 4677 ipsius
1528 4622 1677 4678 esse,
1732 4608 1936 4665 subdu-

352 4712 481 4757 cens
507 4694 771 4751 nimirum
796 4710 915 4749 sese
942 4693 1227 4749 certamini
1254 4693 1453 4765 inutili,
1498 4700 1555 4751 et
1584 4695 1691 4767 ipsi
1728 4696 1809 4753 rei
1837 4712 1935 4769 po-

352 4783 464 4841 tius
490 4782 847 4857 explicandae
874 4782 1210 4841 incumbens.
1276 4783 1565 4855 Inscriptio
1594 4784 1775 4857 operis
1802 4786 1934 4841 haec
1981 4807 1986 4824 ·

352 4876 436 4931 est
492 4872 555 4929 in
602 4871 861 4942 editione,
912 4872 1057 4926 unde
1106 4888 1313 4927 novam
1362 4872 1499 4928 hanc
1536 4872 1931 4944 expressimus:

360 4960 611 5019 -Mnrii
650 4958 916 5015 Nizolii
960 4958 1313 5017 Brixellensis
1358 4960 1427 5015 de
1467 4958 1611 5015 veris
1648 4961 1932 5033 principiis

358 5056 453 5109 ³”et
480 5066 611 5107 vera
637 5048 855 5107 ratione
880 5046 1293 5121 philosophandi
1322 5052 1515 5104 contra
1543 5048 1934 5122 pseudophilo-

358 5140 593 5213 2soplios
620 5137 747 5195 libri
779 5137 871 5193 lv.
895 5136 955 5193 in
982 5137 1180 5209 quibus
1208 5140 1523 5199 statuuntur
1544 5138 1715 5195 ferme
1741 5137 1931 5196 omnia

3303 181 3320 216 Χ

1311 299 1379 356 V.
1435 297 1537 356 DE
1576 297 1783 356 snm
1813 295 2342 356 PHILOSOPHICO
2383 295 2675 354 NizoLu.

2053 456 2220 496 wera
2246 453 2506 496 verarum
2531 436 2736 494 artium
2761 441 2822 494 et
2847 435 3197 496 scientiarum
3223 436 3519 511 principia,
3549 453 3632 496 re-

2052 528 2282 585 ·futatis
2307 531 2368 582 et
2393 526 2610 595 rejectis
2636 543 2808 600 prope
2835 526 3092 584 omnibus
3119 526 3548 586 Dialecticorum
3575 531 3634 582 et

2055 615 2594 689 »Metaphysicorum
2621 614 2906 688 principiis
2933 615 3106 690 falsis,
3133 617 3194 674 et
3231 620 3520 688 praeterea
3545 631 3632 671 re·

2057 708 2341 762 »nitantur
2371 706 2484 760 fene
2511 719 2701 760 omnes
2729 704 2951 762 Marci
2989 703 3292 761 Antonii
3321 703 3632 773 Majora-

2055 795 2195 868 ..gii
2232 793 2628 864 objectationes
2661 796 2856 850 contra
2881 793 3118 850 eundem
3153 793 3504 850 Nizolium
3543 809 3635 848 us·

2051 897 2198 956 »que
2247 882 2310 938 in
2335 882 2480 938 hunc
2514 881 2666 938 dieni
2702 881 2899 938 editae.
2965 881 3200 938 Parmae
3225 881 3378 954 apud
3411 881 3636 954 Septi·

2052 987 2266 1026 »mum
2295 970 2612 1027 Viottum
2645 965 2832 1028 1553.
2861 969 2924 1026 in
2955 972 3109 1028 aito.-
3169 969 3264 1026 An
3289 971 3442 1026 aliud
3469 970 3636 1043 quip-

2043 1061 2198 1133 piam
2233 1059 2296 1116 in
2332 1059 2682 1132 Philosophia
2718 1059 3050 1132 praestiterit
3085 1059 3434 1132 Nizolius,
3478 1058 3636 1130 equi-

2043 1149 2172 1206 dem
2211 1148 2432 1221 ignoro:
2473 1149 2578 1204 hoc
2617 1151 2833 1204 tantum
2869 1147 3055 1221 didici,
3111 1148 3338 1206 vertisse
3376 1148 3552 1204 Gale
3565 1147 3636 1204 ni

2039 1235 2468 1310 explicationem
2508 1236 2879 1294 obsoletarum
2915 1253 3114 1294 vocum
3159 1237 3637 1310 Hippocratis,

2040 1327 2209 1383 Liber
2235 1326 2309 1382 ab
2337 1342 2406 1380 eo
2433 1327 2758 1400 recognitus,
2780 1343 3012 1382 excusus
3031 1331 3116 1382 est
3135 1327 3378 1384 venetiis
3405 1343 3440 1380 a
3467 1325 3506 1381 J
3517 1341 3564 1380 11
3577 1341 3638 1381 n-

2041 1415 2142 1471 tis
2179 1430 2306 1470 cum
2345 1415 2603 1487 operibus
2643 1415 2894 1474 Galeni
2937 1431 3088 1472 anno
3123 1415 3308 1472 1550.
3393 1415 3526 1470 Fuit
3581 1419 3636 1470 et

2043 1503 2184 1560 alius
2211 1504 2444 1559 Parmae
2470 1503 2824 1575 Nizoliusg
2863 1506 3094 1562 fortasse
3119 1509 3314 1562 nostro
3340 1507 3634 1576 cognatm,

2043 1592 2314 1666 posterior
2341 1597 2548 1664 tamen,
2579 1593 2916 1665 professione
2944 1592 3123 1666 ICtus,
3153 1593 3311 1662 cuius
3337 1593 3632 1664 allegatio-

2043 1698 2142 1738 noe
2171 1679 2318 1750 juris
2357 1680 2426 1736 de
2464 1681 2924 1754 Emphyteusibus
2969 1687 3164 1738 extant
3213 1697 3447 1738 exuisse
3497 1681 3636 1738 Par·

2043 1785 2170 1826 mae
2223 1769 2370 1842 apud
2420 1770 2706 1826 Brudon
2761 1770 2825 1826 in
2877 1775 3104 1844 quarto,
3171 1771 3356 1828 1603.
3441 1770 3638 1842 Atque

2043 1859 2176 1916 haec
2213 1858 2437 1930 quidem
2476 1858 2548 1916 de
2583 1863 2778 1916 autore
2813 1876 2928 1916 non
2965 1860 3268 1918 admodum
3305 1858 3521 1916 curiose
3555 1859 3638 1916 in·

2043 1946 2284 2020 quirenti
2323 1963 2383 2002 se
2423 1948 2766 2020 obtulerunt,
2807 1963 2976 2021 quem
3009 1949 3272 2006 credibile
3305 1952 3390 2006 est
3427 1948 3636 2006 eadem

2044 2051 2170 2092 cum
2197 2036 2574 2092 Laurentio
2604 2036 2802 2092 Valla
2829 2039 3052 2094 fortuna
3085 2053 3265 2109 usum,
3303 2036 3392 2094 cui
3430 2037 3639 2094 Gram-

2047 2124 2234 2180 inatici
2262 2140 2466 2180 nomen
2493 2125 2699 2198 nocuit,
2727 2126 3030 2198 effecitque,
3061 2143 3132 2182 ne
3159 2126 3393 2182 inultum
3421 2125 3636 2182 animis

2045 2213 2332 2270 hominum
2359 2214 2646 2270 movendis
2674 2218 2874 2287 posset.
2931 2214 3090 2272 ldem
3108 2214 3234 2283 jam
3261 2220 3390 2272 ante
3416 2215 3638 2272 Petro

2044 2302 2468 2374 Abaelardo,
2513 2302 2662 2358 idem
2689 2303 2958 2376 Angelo
2987 2304 3372 2375 Politiano,
3401 2303 3636 2361 Eudo-

2045 2391 2200 2446 vico
2230 2390 2464 2464 ViveS,
2497 2391 2808 2464 Erasmo,
2837 2392 3160 2450 Andreae
3197 2392 3504 2466 Alciato,
3553 2397 3638 2449 at-

2043 2495 2152 2552 que
2195 2479 2302 2552 ipsi
2328 2478 2588 2538 Jacobo
2627 2479 2949 2554 Cujacio‚
2990 2485 3110 2536 tum
3145 2497 3322 2554 nuper
3361 2481 3637 2538 Salma-

2043 2568 2183 2641 sio,
2227 2568 2501 2641 Grotio‚
2541 2573 2643 2626 etc.
2685 2570 2760 2626 ab
2797 2569 3066 2643 imperitis
3107 2569 3382 2639 objectum
3427 2575 3538 2642 (st,
3579 2575 3638 2628 et

2045 2657 2222 2712 multa
2246 2656 2559 2727 hujusmodi
2588 2657 2925 2730 peculiaria'
2907 2675 2970 2714 111
3006 2659 3408 2716 Grammaticos
3447 2660 3640 2716 invec-

2045 2746 2164 2800 tiva
2189 2746 2466 2818 congessit
2489 2747 2658 2804 homo
2677 2746 2806 2804 lieet
2831 2763 2904 2804 ex
2923 2747 3180 2806 instituto
3207 2765 3271 2804 ac
3291 2749 3639 2820 professione

2045 2849 2146 2890 sua
2194 2848 2828 2906 γραμματικωτατος
2875 2836 3407 2893 Maximilianus
3459 2839 3636 2894 San-

2047 2923 2082 2981 d
2097 2940 2130 2981 a
2143 2940 2276 2979 eus.
2363 2923 2518 2988 Quae
2543 2925 2796 2997 quamvis
2823 2925 3012 2983 inania
3039 2926 3548 2999 deprehendantur,
3577 2932 3636 2984 et

2044 3029 2236 3069 revera
2263 3012 2402 3067 nulli
2430 3013 2544 3068 sint
2571 3030 2746 3085 magis
2773 3014 3159 3088 Grammatici,
3188 3030 3358 3088 quam
3397 3016 3496 3088 qui
3533 3017 3638 3073 sub

2045 3100 2347 3157 venerabili
2395 3100 2776 3175 Philosophiae
2831 3103 2996 3161 titulo
3043 3109 3333 3177 perpetuas
3381 3104 3638 3177 legonia-

2045 3189 2194 3247 chias
2219 3194 2426 3262 serunt,
2457 3190 2605 3263 vulgi
2644 3195 2834 3248 tamen
2871 3193 3074 3249 animis
3115 3210 3188 3249 ne
3217 3210 3366 3249 nunc
3403 3195 3639 3265 quidem

2045 3278 2180 3333 satis
2219 3278 2392 3333 eximi
2431 3284 2674 3351 possunt.
2763 3280 2869 3337 Sed
2917 3286 2975 3339 et
3014 3281 3152 3339 illud
3189 3281 3474 3339 obstitisse
3513 3283 3600 3339 Ν“
3585 3301 3636 3338 ι-

2046 3366 2220 3423 zolii
2273 3368 2648 3439 progressibus
2698 3370 2931 3445 videtur,
2984 3370 3134 3443 quod
3177 3371 3241 3427 in
3287 3370 3454 3428 Italia
3503 3372 3638 3429 scri-

2046 3454 2184 3529 psit,
2251 3455 2312 3511 in
2373 3471 2482 3528 qua
2549 3457 2722 3514 etiam
2781 3475 2930 3515 nune
2985 3459 3426 3517 Aristoteles
3504 3476 3638 3517 cum

2043 3543 2387 3601 Scholasticis
2427 3545 2700 3603 addictius
2749 3552 2955 3619 regnat.
3042 3548 3187 3613 Quid
3223 3549 3376 3606 enim
3414 3548 3640 3607 Fran·

2043 3633 2230 3689 cisco
2260 3632 2604 3709 Patricio,
2634 3634 2770 3708 quid
2795 3636 3132 3709 Cardano‚
3163 3637 3298 3709 quid
3325 3638 3638 3713 Galileo,

2043 3721 2178 3794 quid
2216 3722 2576 3796 Apologistae
2615 3723 2736 3793 ejus
2773 3725 3290 3800 Campanellae,
3343 3726 3485 3799 quid
3523 3728 3642 3801 ipsi

2043 3811 2298 3867 Joanni
2349 3811 2720 3871 Francisco
2769 3814 2932 3870 Pico
2981 3816 3239 3887 evenerit,
3291 3816 3484 3873 notius
3527 3822 3638 3887 est,

2040 3914 2208 3972 quam
2236 3904 2300 3955 ut
2324 3900 2590 3957 recenseri
2623 3906 2917 3961 nisi-eamr.
3001 3904 3246 3961 Accesin‘t
3269 3904 3420 3959 illius
3461 3906 3640 3963 seculi

2041 3988 2210 4060 ratio,
2253 3988 2314 4043 in
2351 4005 2464 4061 quo
2505 3990 2706 4047 veritas
2745 3990 3044 4065 incipiebat
3081 3997 3298 4049 tantum
3335 3994 3496 4049 velut
3535 4012 3642 4068 per

2039 4076 2257 4132 ruinam
2285 4093 2404 4133 sese
2431 4078 2720 4136 ostendere
2746 4084 2804 4136 et
2829 4082 3082 4139 scintillis
3117 4081 3469 4160 quibusdam,
3495 4084 3640 4139 eiiii-

2038 4181 2180 4237 care,
2211 4165 2387 4221 instar
2414 4167 2716 4223 facularum
2745 4168 3054 4243 ignearum,
3095 4186 3237 4243 quae
3265 4170 3411 4227 inter
3439 4188 3640 4229 macu-

2038 4253 2121 4309 las
2159 4254 2364 4309 solares
2400 4272 2798 4329 nonnunquam
2837 4258 3126 4331 ebulliunt,
3178 4264 3236 4315 et
3285 4260 3637 4333 tavillarnm‚

2037 4358 2179 4414 quae
2219 4359 2344 4399 cum
2387 4346 2540 4401 fumo
2589 4346 2900 4402 subvolant.
2986 4348 3190 4405 Nostro
3229 4353 3484 4421 tempore
3523 4350 3640 4406 lar-

2037 4430 2158 4503 gior
2185 4432 2314 4503 lux3
2355 4437 2414 4488 et
2453 4434 2543 4489 vel
2579 4435 2682 4491 hoc
2717 4435 2913 4492 saltem
2951 4436 3012 4493 in
3039 4439 3289 4494 confesso
3315 4442 3431 4512 est,
3463 4439 3638 4496 Ari·

2035 4522 2361 4577 stotelem
2387 4538 2572 4579 errare
2599 4539 2774 4596 posse.

2123 4608 2218 4667 IV.
2280 4610 2440 4665 Nune
2487 4611 2557 4667 ad
2595 4617 2978 4685 argumffltum
3027 4615 3210 4686 operis
3252 4612 3636 4673 acbedendum

2035 4700 2151 4769 est3
2183 4697 2460 4771 inscripsit
2485 4692 2672 4757 autem
2700 4702 2772 4759 de
2795 4702 2944 4759 veris
2971 4702 3255 4777 principiis
3273 4709 3346 4761 et
3373 4722 3510 4761 vera
3541 4722 3638 4763 ra·

2035 4785 2190 4842 tione
2217 4786 2656 4863 philosophandi,
2697 4790 2878 4863 titulo,
2922 4794 3116 4864 fateor,
3156 4794 3638 4866 magnificentiam

2034 4890 2200 4947 quam
2231 4891 2330 4947 par
2367 4882 2466 4933 eet.

2032 4962 2234 5035 Logica
2259 4966 2530 5037 quaedam
2567 4969 2866 5025 reformata
2894 4974 2951 5026 et
2989 4971 3063 5028 ad
3089 4986 3288 5043 puram
3315 4972 3638 5045 propriam-

2032 5066 2139 5123 que
2179 5054 2440 5126 loquendi
2489 5056 2762 5113 rationem
2807 5064 3066 5115 revocata
3101 5060 3432 5133 continetur,
3477 5076 3638 5134 quae

2033 5140 2256 5213 quidem
2293 5158 2384 5199 ine
2421 5148 2616 5202 autore
2655 5162 2784 5203 vei-a
2823 5147 2950 5203 libri
2989 5148 3278 5223 inscriptio
3317 5155 3476 5223 esset,
3527 5152 3636 5208 sed

2553 4877 2704 4935 Nihil
2730 4880 2882 4937 aliud
2907 4881 3060 4937 enim
3087 4886 3210 4937 toto
3237 4899 3418 4955 opere,
3449 4898 3638 4955 quam
