3717 5850
1305 371 2105 442 Ριιιιιιιιιιιο.
2530 455 2537 464 ,
3137 377 3349 456 xxxi

29 515 366 575 summet.
481 505 694 576 Tenet
746 527 866 576 nos
923 528 1074 601 spes
1125 503 1326 576 brevi·
1360 509 1569 602 ipsum
1627 531 1796 600 quae
1841 508 1923 577 ad
1979 507 2304 578 historiam
2344 493 2633 584 'iconum
2689 516 2979 588 Leibnitii
3043 534 3349 614 spectent,

31 620 508 714 evulgaturmn
554 646 714 706 esse,
757 645 909 691 cum
956 645 1124 714 quae
1167 621 1246 691 de
1290 621 1412 692 hac
1451 647 1527 692 re
1571 621 1744 714 apud
1787 623 2185 692 Btihmerum
2230 625 2542 719 (Magazin
2585 631 2685 698 fiir
2728 631 3185 710 Kirchcnrecht
3228 651 3346 712 etc.

35 739 142 808 Bd.
191 738 244 806 Ι.
301 739 403 806 St.
451 743 511 806 2.
557 738 626 806 S.
670 737 1069 840 315-321.)
1113 759 1428 847 con-gessa
1469 740 1613 821 sint,
1641 740 1915 815 minime
1958 742 2394 829 satisfaciant.-
3350 824 3357 831 Ι

210 851 434 922 Tituli
486 851 878 945 singularum
923 853 1333 944 scriptionum
1375 853 1752 922 Dutensiani
1795 838 1975 938 sunt,
2030 857 2085 922 si
2136 837 2200 924 in
2238 835 2538 928 Dutensii
2580 858 2855 930 editione
2898 871 3349 940 commentatio

31 967 294 1059 legitur,
341 965 718 1038 Leibnitiani
761 969 814 1034 si
853 969 922 1036 in
966 967 1362 1060 autographo
1405 969 1545 1061 ipse
1589 969 1844 1042 tiuflum
1889 975 2400 1062 praescripserat,
2443 977 2573 1044 mei
2616 977 2681 1044 in
2722 979 2797 1045 iis
2843 1003 3006 1068 quae
3052 1005 3131 1050 ex
3160 997 3345 1054 auto-

31 1083 305 1178 graphis
345 1083 753 1174 inscriptione
797 1080 1154 1150 carentibus
1200 1085 1522 1174 exscripsi.
1589 1084 1855 1153 Praeter
1898 1085 2151 1154 titulum
2196 1089 2428 1180 cuique
2472 1094 2989 1162 commentationi
3014 1097 3349 1190 inscriptus

30 1211 130 1269 est
177 1223 436 1282 annus,
477 1221 608 1290 qua
653 1207 766 1266 aut
798 1199 1094 1267 confecta
1139 1207 1264 1280 est,
1307 1206 1422 1266 aut
1463 1199 1774 1268 confecta
1794 1201 1941 1270 esse
1982 1201 2139 1270 'mihi
2178 1197 2525 1275 videbatur.
2616 1201 2925 1316 Denique
2974 1201 3351 1304 praescripsi

36 1317 282 1406 cuique
333 1313 548 1382 libello
595 1311 866 1382 ubinam
919 1313 1200 1404 primum
1245 1311 1454 1380 editus
1498 1317 1608 1396 sit,
1663 1323 1729 1388 et
1771 1317 1847 1384 iis
1890 1329 2063 1408 quae
2100 1317 2167 1386 in
2212 1307 2509 1390 Dutensii
2551 1319 2823 1391 editione
2864 1330 3116 1394 exstant
3156 1329 3349 1398 efiaffi

37 1430 160 1499 loci
207 1451 418 1520 quem
455 1429 544 1497 ibi
581 1437 808 1497 tenent·
840 1431 1240 1496 notationem·
1275 1427 1491 1520 adjeci.
1553 1459 1564 1470 ·
2924 1461 2931 1470 -
3134 1450 3145 1468 ι

219 1545 600 1614 Postremo
629 1545 1026 1613 confessione
1079 1541 1498 1636 comprobare
1555 1552 1834 1656 oportet,
1904 1547 2077 1638 quod
2126 1542 2432 1619 le'ctorem
2487 1549 2607 1618 etsi
2661 1549 2896 1620 vellem
2952 1540 3195 1625 celare*
3217 1562 3349 1628 ιιοιι

39 1683 324 1746 possem.
367 1657 606 1728 Dico
666 1681 953 1729 errorum
1007 1657 1611 1752 typographicorum
1669 1663 2029 1729 numerum.
2130 1661 2303 1730 Cum
2359 1687 2489 1732 non
2546 1689 2624 1733 eo
2684 1660 2981 1760 degerem
3024 1663 3215 1739 loco
3216 1650 3346 1790 quo

39 1775 206 1848 haec
267 1775 466 1846 editio
483 1777 704 1882 typis·
743 1767 1196 1858 excuderetur,
1260 1777 1398 1865 ipse
1451 1776 1640 1846 unius
1665 1773 1947 1849 tantuin
1990 1773 2429 1889 plagulanim
2455 1777 2808 1866 revisionis,
2876 1764 3072 1878 quam
3114 1775 3348 1894 vocare

39 1892 289 1979 solent,
362 1871 612 1984 copiam
655 1872 880 1988 habui,
903 1873 1126 1989 unde
1155 1889 1288 1958 fieri
1325 1913 1462 1996 non
1505 1892 1712 1984 Ροιιιιι
1756 1893 1911 2022 quin
1952 1891 2271 1960 interdum
2316 1881 2548 1974 menda
2591 1908 2975 1981 remaneret,
3032 1887 3196 1992 quae
3241 1926 3345 1972 re-

41 2013 288 2083 visione
335 2005 536 2090 altera
579 2005 826 2076 detecta
869 1981 1048 2074 foret.
1111 1983 1334 2092 Quod
1355 2015 1571 2076 tamen
1616 2007 1875 2079 minoris
1919 2009 2230 2080 momenti
2274 2017 2371 2076 est
2412 2031 2612 2100 quam
2658 2034 2824 2105 quae
2852 2033 3024 2084 nunc
3053 2017 3347 2089 monebo.

41 2127 492 2198 Decreveram
530 2131 606 2196 ut
645 2123 714 2198 in
757 2121 1202 2190 excudendis
1185 2145 1262 2190 ns
1291 2145 1460 2213 quae
1487 2119 1712 2214 gallice
1737 2123 2100 2216 conscripta
2130 2134 2279 2196 sunt
2306 2123 2789 2215 orthographiae
2818 2126 3161 2204 hodiernae.
3178 2153 3349 2216 usus

41 2243 491 2322 induceretur,
557 2235 654 2325 (id
689 2235 888 2328 quod
931 2247 1078 2306 ante
1115 2261 1232 2312 me
1273 2239 1402 2326 iam
1445 2237 1500 2310 F
1499 2237 1732 2336 ederus
1775 2248 2119 2311 curaverat
2153 2241 2221 2312 in
2264 2239 2527 2313 edendi·
2566 2239 3008 2331 Ldbnihms)
3071 2225 3348 2339 ideoque

47 2357 146 2425 vel
198 2359 270 2426 in
333 2357 428 2424 eis
478 2349 750 2447 plagulis
795 2376 977 2445 quae
1009 2363 1362 2446 tamquam
1389 2349 1775 2446 exemplaria
1819 2353 2187 2446 typothetae
2228 2360 2765 2447 proponerentur,
2816 2356 2924 2426 vel
2960 2361 3033 2429 in
3056 2353 3349 2454 plagul‘u

47 2473 334 2554 excusis,
390 2494 488 2540 ea·
528 2491 702 2564 quae
749 2491 942 2536 usum
997 2469 1396 2560 antiquatum
1441 2477 1875 2559 sequerentur
1924 2471 2187 2538 mutavi.
2291 2470 2509 2557 Quare
2562 2493 2764 2566 quum
2808 2483 2959 2542 ante
2996 2479 3241 2545 ‘annum
3272 2487 3347 2547 'et

49 2588 382 2657 dimidium
427 2587 700 2680 patriam
737 2605 952 2652 meam
980 2581 1330 2651 Livoniam'
1355 2585 1718 2653 visitaturus
1743 2573 1814 2652 'et
1839 2591 2114 2677 perh-es
2132 2573 2407 2655 'menses
2436 2574 2766 2658 abfuturus
2795 2575 3023 2672 essem,
3068 2591 3346 2682 primum

51 2705 304 2774 decrev'i
345 2712 428 2770 ut
466 2715 596 2794 per'
621 2699 748 2770 hoc
789 2709 1046 2791 tempus
1089 2708 1410 2768 cessarent
1440 2698 1879 2792 typographi3·
1898 2699 2011 2769 sed
2040 2720 2192 2769 cum
2220 2699 2579 2792 bibliopola,
2626 2704 2735 2795 qui
2766 2709 3030 2797 optaret,
3072 2706 3169 2776 ne?
3188 2707 3347 2777 dum

53 2819 376 2890 abessem
387 2815 590 2908 prela'
607 2817 1014 2897 feriarentur,
1037 2810 1192 2882 mihi
1237 2811 1712 2898 confirmasset,
1729 2814 1863 2884 sibi
1910 2813 2165 2885 Gallum
2212 2817 2561 2910 quendam
2576 2826 2832 2911 praesto
2880 2843 3023 2889 esse
3067 2826 3171 2913 cui
3201 2815 3345 2892 'eor‘-

54 2931 294 3029 rigendi
333 2929 670 3026 negotium
689 2932 1156 3015 committeret,
1201 2931 1298 3000 his
1327 2932 1618 3001 confisus
1663 2956 1793 3003 non
1824 2932 2097 3025 amplius
2128 2958 2272 3005 sum
2303 2934 2681 3030 reluctatus?
2740 2934 2932 3022 Quod
2960 2957 3131 3014 nunc
3162 2920 3347 3063 doleo

59 3077 160 3121 me
200 3054 448 3121 fecisse.
536 3038 711 3116 Nam
754 3040 958 3115 redux
999 3042 1222 3116 iactus
1246 3046 1376 3117 no'n
1421 3046 1642 3121 solum
1678 3046 1829 3117 eum
1874 3050 2288 3119 commissum
2331 3048 2547 3119 inveni
2592 3074 2871 3119 errorem
2917 3077 3109 3147 quem
3152 3034 3347 3149 supra

57 3166 322 3239 indicavi
379 3164 463 3233 ad
520 3174 634 3231 art.
677 3146 819 3261 XL.
865 3162 958 3247 b.,
1013 3153 1158 3247 sed,
1213 3164 1390 3267 quod
1444 3188 1599 3267 sane
1653 3165 1858 3267 magis
1918 3158 2293 3248 dolendum,
2344 3166 2413 3235 in
2458 3164 2817 3298 quindecim
2863 3166 3135 3266 plag-ulis
3182 3194 3349 3275 quae

61 3402 128 3471 ld
167 3425 266 3471 ne.
289 3402 526 3469 iterum
571 3396 867 3477 eveniret,
901 3360 1068 3462 ‘dum
1093 3330 1288 3463 aliud
1329 3364 1448 3463 iter
1491 3398 1785 3481 iacerem,
1830 3395 2077 3481 amicus
2122 3366 2505 3481 carissimus,
2548 3390 2797 3490 collega
2824 3396 3353 3487 honoratissimus

63 3516 300 3587 Blanc
311 3536 434 3595 us,
473 3509 800 3582 ecclesiae
839 3508 1220 3583 cathedralis.
1259 3509 1589 3593 sacerdos,
1635 3511 1974 3603 ,ingratum
2016 3508 2299 3581 laborem
2344 3510 2637 3604 plagulas
2676 3511 2999 3585 revidendi
3042 3526 3352 3593 consueta

63 3632 448 3703 humanitate
503 3626 586 3695 in
623 3650 695 3694 sc
745 3626 1016 3716 recepit,
1083 3646 1364 3716 eumque
1405 3635 1582 3693 tanta
1623 3626 1921 3693 sustinuit
1962 3622 2282 3715 diligentia
2324 3636 2399 3695 ut
2438 3642 2521 3695 en
2564 3650 2759 3719 quam
2795 3631 2941 3721 ipse
2980 3632 3352 3722 recognowt

65 3750 266 3843 hujus
286 3745 590 3815 editionis
619 3764 802 3835 pars,-
839 3750 974 3809 tam
1005 3738 1352 3808 emendate
1397 3761 1634 3808 excusa
1677 3740 1760 3805 sit
1801 3760 1999 3829 quam
2040 3740 2153 3808 vix
2196 3740 2329 3809 fien
2375 3738 2596 3809 solet
2579 3764 2646 3810 ιιι
2692 3741 2938 3833 gallicis
2971 3742 3145 3812 fibris
3176 3742 3349 3836 apud

65 3874 378 3935 nostrates
413 3858 802 3952 expressis·
847 3854 1156 3925 confessa
1198 3854 1358 3923 haec
1401 3852 1576 3922 volui
1619 3876 1704 3923 ne
1747 3850 1935 3920 amici
1976 3842 2289 3927 honorem
2333 3842 2526 3925 mihi
2532 3877 2829 3996 arrogare
2870 3858 3119 3943 videar,
3182 3879 3350 3929 neve

70 3982 121 4048 ci
161 3976 432 4047 mendae
469 3978 908 4069 imputentur,
929 3991 1202 4063 quarum
1245 3971 1408 4039 ratio
1455 3970 1493 4037 a
1536 3989 1645 4037 me
1689 3966 1828 4037 solo
1875 3979 1977 4037 est
2013 3950 2429 4075 reposcenda.
2960 3986 2967 3993 ·

191 4094 486 4179 Quarum
542 4113 652 4159 eas
711 4112 876 4182 quae
932 4088 1144 4181 ipsum
1201 4107 1462 4156 sensum
1519 4093 1888 4181 pervertunt
1932 4092 2004 4153 ιιι
2048 4095 2193 4153 ante
2235 4082 2580 4176 legendum
2623 4084 3018 4179 corrigantur
3055 4081 3352 4171 indicavi,

67 4222 358 4291 caeteras,
362 4206 684 4319 inprimis
728 4228 836 4274 eas
881 4226 1048 4296 quae
1092 4204 1260 4272 circa
1303 4212 1686 4273 accentuum
1731 4202 1914 4295 signa
1971 4210 2037 4269 et
2093 4199 2607 4295 orthographiam
2664 4190 2958 4294 gallicam
3015 4202 3349 4276 versantur

69 4328 346 4419 ignoscas
413 4345 654 4423 quaeso
719 4312 1030 4391 benevole
1097 4317 1313 4388 lector.
1423 4310 1745 4409 Denique
1779 4314 1906 4385 hoc
1961 4314 2077 4384 abs
2132 4321 2199 4385 te
2252 4326 2438 4410 peto,
2506 4326 2578 4384 ut
2638 4316 2691 4384 si
2750 4314 2857 4385 tibi
2913 4342 3059 4388 non
3101 4318 3349 4411 placeat

75 4440 370 4509 oblivione
412 4437 626 4506 delere
667 4416 914 4533 hujus
895 4418 1190 4503 editionis
1233 4420 1517 4516 mendas,
1561 4414 1788 4501 tamen
1817 4429 2045 4499 saltem
2074 4434 2280 4523 magis
2310 4428 2463 4522 quid
2488 4432 2911 4523 praestiterim
2954 4454 3151 4528 quam
3196 4430 3347 4525 quid

75 4554 418 4648 reliquerim
461 4550 914 4645 praestandum
958 4549 1275 4642 respicias.
1352 4545 1514 4617 Vale
1559 4544 1902 4638 mihique
1886 4570 1953 4617 ιιι
1996 4556 2330 4640 posterum
2369 4549 2534 4617 fave.

229 4748 430 4822 Scrib.
471 4736 678 4819 Halae
721 4746 1053 4849 Saxonum
1095 4740 1268 4849 Νοιι.
1310 4742 1464 4849 *P*
1501 4700 1962 4814 MDCCCXL
2270 4788 2279 4799 ·
2808 4788 2819 4797 -
2899 4758 2905 4765 ’
3064 4789 3075 4807 ·
3129 4812 3183 4847 ⁶.
3285 4711 3314 4747 ¹

789 5048 1224 5059 00000

1601 5054 2053 5189 loANNEs
2105 5046 2653 5231 numanus
2706 5046 3292 5220 nummum
