3717 5850
1309 354 1372 413 L.
1461 354 1564 413 DE
1613 354 1776 415 IPSA
1817 352 2147 413 NATURA.

3226 342 3355 411 155

104 502 204 551 nm
231 492 536 566 praeditis3
577 493 678 553 sed
703 496 958 554 nattzram
995 493 1308 553 umvetsam
1345 511 1462 553 esse
1499 500 1562 553 ιιι
1599 496 1678 555 sie
1779 496 1899 553 vari
1946 495 2178 553 eandem
2224 494 2589 567 quantitatem
2632 494 2911 569 potentiae
2958 495 3192 567 actricis,
3242 496 3357 554 imo

101 584 272 641 dicum
300 582 600 639 artificium
625 582 750 656 Dei,
790 585 850 639 et
885 586 1104 639 tantum
1129 583 1372 657 quidem,
1415 587 1480 640 ιιι
1515 600 1680 657 quae-

100 672 172 727 vis
199 671 462 729 madiina
487 671 756 729 naturalis
783 670 962 743 (quod
989 688 1198 747 verum,
1239 688 1542 747 parumque
1579 674 1679 731 ob-

99 764 372 817 servatum
409 765 640 817 natm-ae
679 760 922 833 artisque
957 760 1248 819 discrimen
1295 762 1416 831 est)
1457 763 1679 835 organis

100 853 304 907 constet
329 866 560 921 prorsus
585 847 841 921 infinitis,
881 848 1262 922 infinitamque
1287 850 1428 907 adeo
1464 850 1678 923 sapien

102 939 226 995 tiam
273 939 700 1011 potentiamque
757 937 964 995 autoris
1004 939 1356 1011 -reotorisque
1413 939 1678 1011 postulet.

102 1030 280 1099 ltaque
329 1033 398 1083 et
435 1026 676 1085 calidum
715 1026 1040 1085 omniscium
1076 1027 1567 1101 Hippocratis,
1619 1032 1679 1085 et

101 1114 466 1173 cholcodeam
501 1116 810 1173 aninmrum
845 1116 1108 1173 datricem
1145 1116 1567 1189 Avicennae,
1619 1120 1677 1173 et

102 1206 240 1261 illam
265 1204 742 1305 sapientioeimam
767 1204 1104 1305 Scaliger-i
1141 1204 1482 1276 aliorumque
1507 1204 1678 1261 virtu-

101 1301 200 1349 tem
217 1293 540 1366 plasticam,
567 1298 626 1351 et
651 1292 978 1366 principium
999 1293 1367 1365 hylarchicum
1386 1292 1678 1349 Hem-ici

101 1382 292 1455 Mori,
335 1382 550 1457 partim
574 1381 954 1455 impossibilia,
983 1381 1188 1455 partim
1213 1383 1486 1455 superflua
1512 1386 1676 1455 puto,

101 1471 332 1542 satisque
371 1472 582 1544 habeo,
619 1470 930 1529 machinam
966 1486 1150 1527 rerum
1201 1475 1360 1529 tanta
1407 1470 1678 1544 sapientia

101 1576 204 1617 esse
243 1560 572 1633 conditam,
615 1565 678 1621 ut
714 1560 838 1632 ipso
873 1558 992 1629 eius
1031 1576 1318 1634 progressu
1355 1559 1679 1617 admiranda

101 1648 186 1704 ilh
202 1648 555 1722 contingant,
579 1648 847 1722 organicis
863 1648 1184 1721 praesertim
1203 1647 1298 1718 (ιιι
1315 1648 1584 1719 arbitror)
1605 1664 1680 1704 ex

101 1737 596 1811 praedelineationc
641 1738 880 1809 quadam
924 1752 1044 1795 sese
1087 1736 1484 1795 evolventibus.
1569 1738 1679 1793 Ita-

103 1844 194 1898 que
223 1827 385 1898 quod
412 1827 514 1881 Vir
540 1827 612 1885 cl.
641 1830 868 1883 naturae
893 1825 1178 1895 eujusdam
1204 1829 1433 1900 creatae,
1465 1825 1680 1899 sapien-

105 1916 182 1987 tis,
225 1931 533 1989 corporum
581 1915 860 1973 machinas
895 1915 1184 1971 formantis
1220 1914 1680 1989 guber-nautisque

107 2008 424 2077 figmentum
451 2003 649 2079 rejicit,
691 2003 881 2077 wobo-
969 2004 1074 2060 Sed
1113 2020 1216 2061 nec
1249 2003 1509 2075 consequi
1550 2002 1680 2059 inde

107 2110 192 2149 nec
233 2092 456 2151 rationi
499 2097 924 2151 cons-laneum
976 2096 1130 2166 pute,
1183 2096 1248 2149 ut
1295 2108 1517 2149 omnem
1563 2092 1681 2147 vim

105 2187 338 2239 emtam
367 2182 628 2239 actricem
654 2182 878 2239 insitam
901 2182 1066 2239 rebus
1093 2180 1438 2255 denegemus.
1471 2232 1484 2243 ,

182 2272 240 2329 3.
291 2271 562 2327 Diximus
589 2271 738 2344 quod
763 2286 882 2328 non
909 2270 1012 2341 sit3
1053 2270 1337 2327 videamus
1359 2269 1481 2340 jam
1509 2268 1680 2327 etiam

107 2362 258 2433 paulo
289 2361 552 2434 propius,
591 2359 726 2432 quid
753 2360 830 2416 sit
854 2359 952 2415 illa
979 2363 1193 2433 namra,
1225 2375 1392 2432 quam
1411 2358 1680 2415 Aristo-

107 2450 278 2505 teles
321 2465 442 2505 non
479 2448 626 2506 male
659 2448 993 2522 principium
1031 2454 1214 2504 motus
1252 2452 1311 2504 et
1349 2447 1548 2520 quietis
1585 2464 1682 2521 ap-

107 2537 360 2611 pellavitt,
409 2552 744 2610 quamquam
783 2537 1142 2611 Philosophus
1189 2537 1288 2594 ille
1333 2536 1469 2593 mihi
1516 2535 1681 2593 latins

106 2632 324 2701 accepto
351 2626 622 2683 vocabulo
645 2642 764 2683 non
789 2627 968 2683 solum
993 2630 1208 2683 motum
1228 2626 1478 2698 localem,
1505 2624 1684 2681 autin

107 2716 218 2774 loco
235 2716 504 2789 quietem,
525 2714 622 2772 sed
641 2715 966 2789 genu-aliter
984 2714 1363 2786 mutationem,
1393 2718 1452 2771 et
1473 2726 1686 2778 ς-ασιν

110 2824 198 2863 sen
219 2804 635 2878 pei-sistentiam
663 2804 972 2877 intelligere
995 2803 1268 2861 videatur.
1311 2802 1474 2861 Unde
1491 2802 1680 2876 etiam,

111 2900 173 2952 ut
195 2894 376 2952 obiter
401 2894 602 2966 dinam,
633 2892 878 2952 definitio
907 2908 1073 2966 quam
1099 2892 1275 2950 motui
1311 2892 1572 2966 assignat,
1603 2895 1686 2948 et-

117 2986 164 3040 si
187 2982 464 3040 obstan-ior
481 2981 656 3058 justo,
679 2999 794 3040 non
819 2987 938 3040 tam
963 2983 1154 3054 inepta
1173 2986 1360 3040 tamen
1387 2986 1488 3054 est,
1517 2994 1686 3053 quam

118 3073 186 3128 iis
210 3073 436 3144 videtur,
463 3071 562 3143 qui
588 3072 812 3144 perinde
837 3075 1078 3144 sumunt,
1121 3087 1190 3128 ac
1213 3072 1263 3128 si
1291 3074 1506 3128 motum
1541 3070 1686 3125 loca-

117 3163 216 3218 lem
266 3160 648 3218 tantummodo
695 3160 922 3218 definire
973 3160 1257 3218 voluisset:
1305 3160 1402 3216 sed
1438 3159 1512 3216 ad
1549 3174 1686 3217 rem.

119 3249 454 3306 Robertus
496 3249 812 3324 Boylius,
863 3248 950 3304 vir
986 3249 1218 3321 insignis
1263 3253 1322 3306 et
1357 3248 1419 3304 in
1457 3251 1688 3304 naturae

119 3337 493 3396 observatione
530 3353 660 3394 eum
693 3355 826 3395 cura
859 3341 1121 3410 versatus,
1149 3337 1220 3395 de
1249 3337 1370 3438 ipsa
1398 3341 1618 3394 natura
1623 3335 1688 3391 li·

117 3429 312 3484 bellum
351 3426 594 3500 scripsit,
631 3427 788 3499 cnjus
829 3443 986 3482 mens
1013 3443 1082 3484 eo
1109 3426 1268 3499 redit,
1309 3426 1357 3482 si
1393 3427 1535 3483 bene
1574 3439 1688 3480 me-

117 3517 264 3590 mini,
305 3521 374 3572 ut
399 3519 658 3572 naturam
673 3515 984 3585 judicemus
1023 3533 1142 3572 esse
1178 3515 1358 3608 ipsum
1397 3529 1688 3588 corporum

119 3605 558 3677 madnnismum,
585 3605 732 3677 quod
761 3604 981 3677 quidem
1009 3617 1092 3666 ως
1112 3591 1188 3656 ἐν
1213 3585 1437 3656 πλάτει
1463 3601 1688 3677 probari

119 3699 318 3770 potost3
359 3693 458 3751 sed
496 3711 618 3750 rem
651 3693 878 3750 rimanti
915 3690 1124 3760 nmiore
1163 3674 1458 3762 ἀκριβείᾳ
1495 3690 1690 3748 distin·

121 3784 328 3856 guenda
353 3787 514 3839 erant
549 3783 612 3840 in
644 3782 766 3856 ipso
795 3780 1162 3838 mechanismo
1189 3779 1457 3853 principia
1483 3797 1520 3836 a
1549 3777 1690 3836 ‹leri-

123 3873 292 3928 vatis:
333 3873 434 3927 ιιι
417 3889 482 3928 ιιι
507 3870 834 3944 explioendo
862 3869 1147 3943 horologio
1173 3885 1293 3924 non
1321 3867 1454 3924 satis
1493 3871 1596 3940 est,
1639 3866 1690 3922 si

127 3959 424 4016 mechanica
475 3960 693 4018 ratione
736 3959 947 4035 impelli
997 3958 1174 4030 dicas,
1211 3955 1320 4014 nisi
1371 3957 1688 4030 distinguas,

123 4049 356 4122 pondere
382 4065 458 4104 an
485 4050 686 4106 clastro
713 4049 1028 4106 concitetur.
1113 4047 1186 4104 Et
1211 4063 1248 4101 a
1276 4061 1366 4101 me
1403 4045 1692 4118 aliquoties

118 4136 234 4204 jam
260 4142 340 4193 est
365 4137 650 4210 proditum
684 4134 866 4213 (quod
895 4138 1240 4209 profuturum
1277 4139 1432 4208 puto,
1473 4151 1544 4191 ne
1581 4150 1693 4190 me-

122 4227 364 4282 chanicae
403 4225 742 4284 naturalium
791 4241 972 4282 rerum
1011 4223 1404 4297 explicationes
1452 4223 1521 4280 ad
1561 4223 1695 4279 abu-

123 4332 237 4370 sum
275 4315 563 4372 traliamur
607 4313 670 4370 in
702 4312 1102 4388 praejudicium
1145 4313 1392 4387 pietatiS,
1432 4317 1696 4385 tanquam

125 4421 214 4476 pm·
240 4421 300 4460 se
326 4403 564 4460 materia
599 4408 746 4460 stare
773 4402 963 4476 possit,
1005 4405 1064 4458 et
1105 4401 1502 4458 meclmnismus
1541 4401 1696 4457 nulla

125 4492 482 4566 intelligentia
519 4496 620 4550 aut
657 4491 962 4550 substantia
987 4489 1258 4565 spirituali
1287 4489 1556 4562 indigeat)
1588 4488 1698 4545 ori-

126 4583 296 4654 ginem
347 4581 528 4655 ipsius
573 4580 926 4638 mechanismi
973 4596 1090 4639 non
1135 4594 1211 4636 ex
1259 4579 1379 4636 solo
1427 4576 1700 4634 materiali

127 4670 386 4742 principio
431 4669 936 4742 mathematicisque
983 4667 1317 4740 rationibus,
1365 4668 1466 4724 'sed
1505 4665 1702 4724 altiore

130 4759 356 4830 quodam
395 4763 484 4833 et,
527 4764 590 4816 ut
628 4759 708 4816 sie
745 4757 954 4833 dicam,
1006 4756 1376 4830 nictaphysieo
1415 4759 1568 4814 fonte
1603 4756 1704 4812 flu-

131 4864 282 4904 xisse.

216 4939 270 4992 4.
323 4935 496 5006 cnjus
547 4935 695 4992 inter
741 4935 854 4992 alia
903 4933 1164 4992 indicium
1215 4933 1430 5006 insigne
1479 4933 1706 5005 praebet

137 5027 540 5084 rumdamentum
567 5027 797 5081 naturae
823 5025 1022 5097 legum,
1051 5039 1164 5083 non
1191 5023 1488 5096 petendum
1515 5037 1588 5078 ex
1615 5037 1703 5092 eo,

136 5119 198 5170 ut
227 5119 574 5172 conservetur
613 5113 808 5170 eadem
843 5116 1026 5170 motus
1063 5111 1370 5184 quantitas,
1419 5110 1502 5168 uti
1540 5111 1705 5182 vulgo

1777 578 2333 659 (quod-pulcherrima
2352 583 2565 639 ratione
2584 585 2803 641 evenire
2822 577 3176 660 deprehendi)
3187 584 3355 643 etiam

1777 674 2007 731 eandem
2055 672 2417 746 quantitatem
2468 670 2701 729 actionis
2738 672 3009 745 motriciS,
3049 672 3205 743 cujus
3240 674 3355 733 alia

1776 763 1943 834 longe
1969 760 2279 823 aestimatio
2306 764 2391 817 est
2416 759 2489 816 ab
2518 759 2633 833 illa,
2664 776 2829 832 quam
2850 761 3152 821 Cartesiani
3174 763 3355 819 eonci-⁸

1776 851 1937 924 piunt
1963 850 2067 907 sub
2094 848 2401 922 quantitate
2426 852 2628 907 metue.
2694 848 2883 921 anue
2908 849 2977 905 de
3004 866 3063 905 re
3090 866 3215 907 cum
3241 852 3355 907 duo

1775 938 2151 997 Mathematici
2198 936 2421 1011 ingenio
2472 937 2633 993 facile
2680 936 2825 995 inter
2878 936 3085 1009 primos
3138 954 3353 997 mecum

1776 1028 1981 1103 partim
2007 1045 2104 1101 per
2128 1026 2339 1083 litteras
2368 1024 2571 1098 partim
2612 1024 2827 1097 publice
2863 1026 3233 1099 contulissent,
3273 1029 3353 1085 al-

1777 1122 1863 1175 ter
1888 1116 2105 1190 penitus
2120 1115 2193 1171 'in
2232 1118 2413 1173 castra
2438 1130 2563 1171 mea
2590 1113 2805 1186 transit,
2848 1113 2988 1169 alter
3020 1131 3087 1171 eo
3114 1114 3353 1189 devenit,

1775 1210 1839 1265 ut
1868 1205 2203 1275 objectiones
2229 1220 2357 1261 suas
2386 1218 2577 1259 omnes
2614 1205 2741 1275 post
2777 1200 3009 1257 multam
3030 1206 3103 1259 ·et
3142 1218 3355 1259 accura-

1775 1299 1893 1353 tam
1923 1293 2333 1351 ventilationem
2359 1292 2645 1363 desereret,
2674 1294 2733 1346 et
2758 1290 2831 1347 ad
2858 1306 3039 1347 meam
3076 1291 3357 1363 quandam

1777 1382 2299 1441 demonstrationem
2345 1379 2593 1436 nondum
2630 1379 2735 1435 sibi
2776 1379 3191 1451 responsionem
3226 1396 3355 1453 sup-

1776 1476 1961 1545 petere
2008 1470 2239 1529 candide
2288 1471 2562 1526 fateretur.
2658 1467 2847 1539 quue
2895 1467 3071 1541 magis
3122 1468 3351 1523 miratus

1777 1576 1923 1634 sum,
1952 1560 2133 1617 virum
2160 1558 2497 1633 praeclarum
2522 1556 2584 1613 in
2620 1556 2885 1626 Physicae
2926 1572 3057 1613 suae
3094 1556 3355 1615 electivae

1779 1653 1936 1723 parte
1966 1649 2131 1720 edita,
2166 1646 2531 1719 explicantem
2560 1644 2705 1717 leges
2731 1648 2933 1717 motus,
2973 1644 3255 1717 vulgarem
3284 1646 3355 1702 de

1776 1739 1889 1795 illis
1936 1735 2265 1793 sententiam
2314 1734 2345 1803 (
2355 1750 2521 1806 quam
2568 1736 2756 1789 tamen
2804 1734 2958 1789 nulla
3010 1732 3355 1789 domonstra-

1777 1828 1947 1899 tione
1969 1825 2067 1882 sed
2094 1824 2331 1897 quadam
2360 1826 2576 1879 tantum
2600 1821 3077 1879 verisimilitudine
3103 1822 3207 1877 niti
3236 1821 3355 1895 ipse

1779 1914 2033 1989 agnovit,
2072 1912 2393 1985 repetiitque
2432 1910 2603 1979 etiam
2640 1909 2727 1967 hic
2760 1909 3060 1965 novissima
3096 1910 3355 1966 disserta-

1777 2004 1932 2062 tione
1957 2019 2099 2074 cap.
2140 2002 2197 2057 3.
2238 1996 2290 2065 ξ.
2322 1991 2413 2075 2.)
2445 1998 2603 2071 quasi
2640 1998 2794 2055 nulla
2831 1997 3173 2055 dubitatione
3215 1997 3353 2055 liba-

1778 2098 1897 2151 tam
1936 2089 2283 2161 assumsisse3
2318 2086 2429 2143 nisi
2469 2089 2613 2145 forte
2647 2085 2862 2159 scripsit
2896 2090 3191 2159 antequam
3228 2102 3353 2160 pro-

1779 2182 1965 2239 dirent
1988 2196 2130 2254 mesa,
2160 2181 2219 2235 et
2244 2176 2447 2249 scripta
2474 2175 2671 2233 deinde
2696 2190 2974 2233 recensere
3000 2174 3089 2231 vel
3119 2190 3233 2231 non
3261 2190 3355 2231 va-

1779 2270 1945 2344 cavit,
1991 2268 2079 2325 vel
2116 2268 2178 2325 in
2209 2269 2451 2323 mentem
2486 2280 2601 2321 non
2640 2263 2821 2334 venit3
2866 2263 3187 2336 praesertim
3226 2278 3353 2319 cum

1779 2360 1927 2432 leges
1966 2360 2148 2413 motus
2184 2354 2504 2411 arbitrariae
2544 2369 2661 2409 esse
2710 2351 2969 2425 crederet,
3020 2352 3167 2423 quod
3218 2350 3355 2407 mihi

1779 2464 1896 2508 non
1936 2462 2107 2519 usque
2155 2459 2370 2516 quaque
2416 2445 2843 2499 consentaneum
2889 2436 3123 2497 videtur.
3212 2440 3354 2496 Puto

1779 2536 1933 2593 enim
1956 2533 2333 2593 determinatis
2360 2530 2661 2605 sapientiae
2698 2533 2865 2601 atque
2892 2528 3099 2585 ordinis
3130 2527 3358 2585 rationi-

1781 2626 1909 2697 bus,
1939 2624 2011 2681 ad
2042 2639 2137 2679 eas
2174 2638 2317 2694 quae
2352 2620 2413 2676 in
2450 2624 2649 2675 natura
2684 2618 3060 2689 obser-ventum
3104 2616 3355 2675 terendas

1780 2714 1927 2787 leges
1958 2711 2171 2769 venisse
2196 2710 2403 2767 Deum:
2447 2712 2505 2765 et
2542 2707 2629 2763 vel
2656 2707 2783 2763 hinc
2819 2722 3099 2781 apparere,
3140 2705 3289 2777 quod
3318 2722 3357 2761 a

1782 2818 1875 2859 me
1908 2799 2205 2873 aliquando
2242 2797 2457 2872 opticae
2493 2796 2627 2869 legis
2669 2795 2951 2853 occasione
2988 2798 3073 2851 est
3107 2793 3358 2851 admoni-

1784 2896 1905 2948 tum
1930 2895 1989 2948 et
2008 2889 2086 2947 Cl.
2109 2885 2550 2947 Molineuxio
2577 2882 2638 2940 in
2668 2882 2965 2960 Dioptricis
2986 2886 3177 2958 postea
3199 2881 3359 2940 valde

1783 2997 1902 3038 sese
1932 2978 2216 3054 probavit,
2264 2977 2487 3032 finalem
2536 2989 2757 3030 causam
2805 2989 2919 3029 non
2968 2975 3183 3028 tantum
3234 2988 3355 3044 pro·

1785 3070 1940 3126 desse
1966 3069 2035 3124 ad
2069 3067 2326 3124 virtutem
2362 3069 2421 3120 et
2460 3062 2716 3137 pietatem
2752 3062 2813 3118 in
2854 3060 3047 3118 Ethica
3084 3064 3145 3116 et
3180 3060 3361 3116 'Ilieo-

1785 3157 1933 3232 logia
1958 3155 2219 3228 naturali,
2259 3153 2357 3210 sed
2396 3152 2566 3210 etiam
2596 3151 2655 3206 in
2693 3151 2815 3224 ipsa
2836 3149 3067 3219 Physica
3109 3148 3181 3204 ad
3207 3148 3359 3204 inve-

1786 3246 2067 3320 niendum,
2120 3247 2181 3300 et
2230 3241 2591 3314 detegendum
2638 3239 2854 3297 abditas
2891 3237 3165 3292 veritates.
3250 3236 3360 3292 lta-

1785 3351 1895 3408 que
1931 3351 2059 3392 cum
2104 3331 2487 3390 celeberrimus
2520 3328 2865 3386 Sturmius
2894 3326 2955 3382 in
2989 3325 3222 3396 Physica
3262 3340 3364 3380 sua

1785 3425 2056 3496 eclectica,
2090 3422 2186 3479 ubi
2215 3421 2285 3478 de
2310 3433 2474 3476 causa
2499 3417 2652 3474 finali
2670 3416 2803 3490 agit,
2834 3414 3161 3474 sententiam
3182 3429 3365 3468 meam
3464 3442 3469 3451 ·
3524 3421 3537 3428 ·

1786 3513 2065 3570 retulisset
2102 3511 2245 3568 inter
2272 3507 2643 3582 Hypothesea,
2668 3509 2918 3578 optarem
2952 3507 3011 3558 et
3047 3501 3107 3558 in
3148 3499 3363 3574 epici-isi

1787 3601 1921 3660 satis
1961 3598 2327 3673 expendissit3
2370 3595 2518 3653 haud
2556 3594 2722 3650 dubie
2764 3593 2915 3650 enim
2955 3590 3085 3647 inde
3128 3588 3364 3646 occasio·

1787 3705 1919 3746 nem
1954 3689 2145 3746 fuisset
2174 3689 2467 3757 sumturus,
2511 3682 2688 3738 multa
2724 3698 2827 3754 pro
2865 3678 3171 3752 argumenti
3214 3693 3367 3750 prae-

1788 3777 1993 3836 stantia
2020 3780 2079 3834 et
2110 3777 2361 3832 ubertate
2396 3771 2614 3828 dicendi
2652 3769 2947 3843 praeclara,
2986 3771 3044 3824 et
3083 3767 3155 3824 ad
3196 3765 3367 3838 pieta-

1787 3871 1901 3924 tem
1928 3881 2145 3938 quoque
2170 3864 2472 3936 protutura.
3041 3888 3049 3896 ·

1882 3957 1939 4012 5.
1968 3953 2071 4011 Sed
2092 3951 2215 4022 „iam
2242 3945 2695 4008 considerandum
2726 3947 2827 4016 est,
2865 3943 2996 4015 quid
3026 3943 3145 4015 ipse
3172 3943 3241 3998 de
3268 3957 3366 3998 na-

1791 4049 1947 4102 turae
1972 4041 2199 4098 notione
2231 4041 2293 4095 in
2327 4039 2429 4094 hac
2466 4051 2567 4090 sua
2603 4031 2945 4106 apologetica
2988 4029 3371 4086 dissertatione

1795 4133 1958 4205 dicat,
1987 4135 2045 4186 ct
2072 4129 2206 4202 quid
2234 4127 2395 4184 dictis
2438 4125 2627 4182 deesse
2654 4121 2828 4191 adhuc
2868 4120 3138 4176 videatur.
3226 4119 3369 4174 Con-

1793 4220 1938 4280 cedit
1972 4237 2113 4292 cap.
2147 4219 2203 4274 4.
2238 4213 2287 4282 ἕ.
2322 4215 2381 4287 2,
2418 4215 2476 4286 3,
2511 4215 2569 4267 et
2606 4209 2744 4266 alibi
2784 4209 3009 4283 passim,
3052 4211 3235 4264 motus
3272 4207 3371 4280 qui

1795 4327 1941 4366 nunc
1970 4311 2123 4382 fiunt,
2150 4302 2411 4376 consequi
2437 4306 2691 4358 aeternae
2720 4297 2857 4370 legis
2883 4297 3051 4354 semel
3078 4313 3115 4352 a
3142 4297 3262 4352 Deo
3290 4297 3370 4352 la-

1794 4403 1903 4472 tae,
1926 4413 2092 4470 quam
2120 4396 2295 4468 legem
2324 4407 2460 4448 mox
2486 4392 2648 4447 vocat
2682 4386 3007 4444 volitionem
3035 4391 3093 4441 et
3122 4385 3369 4456 jussum-3

1796 4505 1898 4544 nec
1924 4503 2063 4560 opus
2092 4501 2211 4542 esse
2247 4498 2396 4538 novo
2434 4480 2539 4535 Dei
2560 4478 2736 4550 jussu,
2778 4492 2927 4531 nova
2962 4474 3247 4549 volitione,
3276 4489 3371 4528 ne-

1798 4578 1933 4634 dum
1972 4591 2121 4632 novo
2161 4573 2361 4629 conatu
2374 4611 2391 4642 ,
2429 4573 2529 4624 aut
2562 4565 2843 4624 laborioso
2880 4563 3119 4636 quodam
3148 4561 3375 4635 negotio

1799 4666 1854 4722 d.
1887 4661 1940 4730 ἓ.
1976 4665 2033 4720 3.
2060 4666 2119 4720 et
2148 4679 2186 4718 a
2224 4678 2284 4716 se
2310 4657 2530 4732 repellit
2562 4661 2826 4727 tanquam
2863 4655 3009 4710 male
3050 4651 3375 4725 imputatam

1802 4771 1879 4810 ex
1908 4754 2139 4810 adverso
2166 4748 2513 4820 sententiam,
2554 4744 2703 4817 quod
2741 4744 2891 4798 Deus
2934 4745 3155 4798 moveat
3190 4757 3278 4798 res
3313 4741 3379 4794 ut

1805 4843 1961 4902 faber
1990 4840 2252 4914 lignarius
2282 4837 2595 4910 bipennem,
2626 4837 2684 4888 et
2704 4830 2927 4888 molitor
2954 4829 3143 4902 dirigit
3172 4829 3377 4884 molam

1805 4930 2043 4990 amende
2092 4945 2289 5002 aquas,
2352 4925 2442 4980 vel
2492 4919 2841 4980 immittendo
2902 4922 3074 4975 rotae.
3176 4919 3379 4972 Verum

1803 5019 2111 5092 enimvero,
2150 5021 2215 5074 ut
2256 5014 2391 5072 mihi
2416 5012 2641 5088 quidem
2682 5009 2916 5080 videtur,
2952 5007 3199 5064 nondum
3234 5003 3380 5058 suffi-

1804 5111 1881 5166 cit
1921 5111 2055 5166 haec
2098 5103 2410 5180 explicatio.
2496 5103 2713 5166 Quaero
2752 5097 2921 5168 enim,
2960 5099 3145 5152 utrum
3182 5089 3379 5148 volitio

141 5203 308 5262 visum
331 5209 470 5279 crat,
497 5202 598 5261 sod
625 5199 808 5277 potius
837 5217 910 5262 ex
937 5217 1026 5275 eo,
1065 5200 1214 5274 quod
1241 5216 1458 5260 necesse
1483 5203 1568 5256 est
1595 5215 1706 5256 ser-
1808 5198 1929 5272 illa,
1958 5199 2049 5256 vel
2069 5195 2265 5269 jussio,
2308 5196 2407 5258 aut
2433 5190 2481 5247 si
2520 5188 2700 5246 mavis
2726 5187 2822 5244 lex
2858 5185 3047 5242 divina
3086 5181 3223 5238 olim
3264 5179 3384 5236 lata

2648 5268 2780 5331 20*
