3717 5850
1801 462 2222 553 LXXIV.
2555 530 2562 541 .
3660 504 3685 604 ²3

1291 642 1469 744 AD
1543 630 2763 741 REVERENDSSIMUM
3662 618 3685 894 ,1

386 850 1046 972 PATREM
1134 846 1440 965 DES
1538 839 2116 963 BOSSES
2223 830 3091 957 EPISTOLAE
3216 827 3645 947 TRES.

1870 1078 2069 1086 --ffl—
2089 1076 2183 1084 --n—

1708 1194 2345 1286 1710—1711.
2467 1314 2481 1323 ἱ

1273 1512 1482 1567 (baiba.
1520 1512 1644 1565 opp.
1681 1509 1755 1555 ed.
1795 1510 1991 1555 nutent
2024 1508 2162 1553 Tem.
2200 1506 2265 1551 11.
2338 1504 2397 1551 P.
2438 1505 2483 1550 1.
2520 1514 2569 1557 p.
2608 1499 2768 1554 889.)
2884 1504 2895 1515 ·

1815 1665 2098 1674 ——-—---—...
2147 1664 2235 1672 ——0

841 1856 1348 1917 EPISTOLA
1391 1854 1518 1911 XV.

394 2000 775 2057 Admodum
805 1996 1191 2054 reverende
1229 2000 1464 2067 pater,
1506 1995 1746 2049 fautor
1773 1990 1982 2048 hono-

989 2082 1381 2154 ratissime,

491 2223 677 2280 Placet
733 2222 882 2293 quod
939 2218 1374 2292 Replicationem
1431 2216 1986 2287 Multipraessn-

393 2310 538 2367 tiae
567 2310 647 2368 ita
675 2310 943 2383 exponis,
973 2312 1036 2364 ut
1063 2308 1142 2363 rei
1173 2322 1284 2361 uon
1313 2305 1417 2378 sit,
1465 2304 1560 2360 sed
1601 2300 1984 2359 ubietatis:

393 2397 492 2453 sed
521 2398 598 2471 id,
629 2400 690 2455 ni
719 2398 913 2469 fallor,
951 2412 1066 2450 non
1095 2388 1394 2451 admodum
1422 2389 1712 2449 commode
1743 2392 1987 2443 mentem

393 2484 739 2556 loquentium
781 2482 1060 2555 exprimit.
1146 2481 1260 2537 Nec
1299 2480 1461 2535 video
1500 2480 1670 2533 etiam
1711 2492 1808 2531 cur
1847 2492 1987 2547 opus

395 2571 470 2627 sit
525 2578 874 2645 penetratum
926 2586 1052 2625 cum
1088 2568 1254 2623 Panis
1308 2565 1748 2621 dimensionibus
1789 2578 1986 2644 corpus

391 2659 592 2717 Christi
631 2662 839 2732 dicere,
879 2674 1002 2713 cum
1043 2654 1419 2711 dimensiones
1461 2654 1598 2709 hanc
1627 2650 1983 2708 ubicatio·

393 2764 541 2806 nem
570 2766 684 2804 non
724 2746 1116 2817 ingrediantur.
1207 2741 1340 2813 Sed,
1383 2757 1442 2797 re
1481 2739 1771 2796 commode
1811 2737 1986 2811 expli-

393 2840 535 2907 cata,
568 2838 636 2893 de
665 2834 952 2908 phrasibus
979 2846 1264 2903 possumus
1297 2846 1417 2885 esse
1459 2828 1666 2883 faciles-

483 2923 862 2994 Objectionem
879 2961 896 2994 ,
925 2935 1090 2992 quam
1120 2917 1441 2990 nuperimae
1471 2919 1598 2972 tuae
1627 2916 1815 2971 contra
1844 2910 1987 2968 Har·

395 3013 640 3069 moniam
671 3008 1102 3085 praestabilitam
1132 3006 1445 3076 continent,
1477 3003 1534 3058 in
1565 3001 1844 3076 prioribus
1876 3014 1988 3055 non

394 3099 843 3169 observaveram3
895 3110 1024 3152 nam
1073 3093 1280 3165 alioqui
1333 3091 1738 3162 respondissem
1779 3087 1985 3158 statim,

393 3203 521 3244 cum
559 3205 634 3245 ex
675 3201 866 3243 earum
897 3183 1008 3238 sint
1039 3196 1266 3236 numero
1282 3218 1298 3249 ,
1339 3180 1537 3251 quibus
1565 3176 1812 3232 maxime
1839 3173 1987 3229 dele·

393 3279 542 3340 otor,
603 3275 750 3348 quod
813 3271 894 3328 rei
955 3268 1176 3324 uberius
1241 3265 1599 3322 illustrandae
1649 3263 1989 3318 occasionem

395 3363 680 3434 praebent.
770 3359 833 3416 Id
873 3357 1108 3428 ipsum,
1131 3369 1334 3423 nempe
1373 3353 1522 3422 quod
1553 3349 1821 3420 MundnS,
1870 3361 1986 3402 ma·

395 3448 568 3520 teria,
608 3462 792 3510 mens,
833 3459 866 3498 a
909 3441 1066 3496 finita
1105 3445 1286 3494 mente
1325 3441 1562 3510 perfecte
1600 3433 1989 3508 comprehendi

396 3552 510 3591 non
539 3534 762 3603 debent,
793 3531 938 3585 inter
966 3531 1179 3581 caetera
1207 3529 1528 3594 argumenta
1560 3541 1682 3580 mea
1711 3528 1824 3595 est,
1868 3521 1986 3594 qui·

396 3622 502 3678 bus
531 3621 737 3693 probo,
769 3615 1059 3672 materiam
1089 3629 1200 3668 non
1229 3629 1302 3668 ex
1327 3613 1530 3668 atomis
1559 3611 1846 3683 componi,
1892 3607 1987 3664 sed

395 3711 522 3766 actu
551 3705 826 3764 subdividi
857 3704 914 3758 in
961 3701 1262 3773 infinitum,
1303 3699 1381 3756 ita
1411 3704 1476 3779 ut
1503 3699 1560 3755 in
1590 3699 1834 3771 qualibet
1862 3712 1987 3769 par-

395 3796 564 3852 ticula
603 3792 867 3850 materiae
903 3789 976 3845 sit
1006 3787 1238 3843 mundus
1267 3788 1490 3862 quidam
1519 3787 1858 3843 infinitarum
1889 3800 1988 3841 nu·

393 3899 551 3941 mero
589 3885 982 3938 creaturarum.
1069 3876 1130 3932 Si
1170 3891 1301 3933 vero
1329 3876 1571 3932 Mundus
1611 3877 1752 3930 esset
1779 3875 1988 3946 Aggre-

395 3976 584 4042 gatum
641 3969 975 4025 Atomorum
997 4003 1016 4037 ,
1089 3970 1273 4035 posset
1328 3969 1579 4020 accurate
1635 3961 1895 4034 cognosci
1952 3959 1988 4016 a

395 4063 578 4116 mente
627 4056 780 4112 finita
819 4054 954 4109 satis
988 4050 1178 4108 nobili.
1268 4052 1444 4108 Porro
1493 4051 1626 4124 quia
1665 4049 1817 4106 nulla
1855 4064 1986 4120 pars

395 4149 657 4204 unteriae
694 4143 930 4216 perfecte
967 4137 1222 4210 cognosci
1259 4156 1296 4194 a
1321 4143 1574 4196 ereatura
1613 4140 1821 4210 potest,
1862 4135 1989 4192 hinc

393 4237 650 4307 apparet,
691 4230 897 4285 nullam
937 4227 1106 4283 etiam
1134 4226 1398 4282 Animam
1437 4227 1673 4298 perfecte
1697 4225 1771 4280 ab
1801 4239 1870 4280 ea
1896 4239 1989 4279 co·

395 4320 586 4392 gnossi
627 4333 816 4391 posse,
857 4331 986 4371 cum
1023 4329 1122 4386 per
1149 4313 1514 4370 Harmoniam
1553 4313 1706 4370 illam
1743 4303 1989 4384 praesta·

395 4407 614 4463 bilitam
643 4409 834 4460 exacte
861 4401 1150 4458 materiam
1177 4405 1565 4474 repraesentet.
1617 4401 1811 4472 Itaque
1837 4396 1989 4472 quod

395 4491 714 4563 objectio
754 4491 857 4547 tibi
885 4490 1065 4546 visum
1091 4493 1204 4563 est,
1245 4493 1632 4562 argumentum
1670 4487 1847 4546 videri
1886 4503 1989 4561 po·

393 4580 593 4640 tostin
625 4596 744 4638 rem
773 4593 972 4634 meam.

481 4670 574 4725 An
603 4666 857 4724 schedam
885 4679 1067 4722 meam
1095 4679 1286 4720 rursus
1314 4663 1610 4738 desideras,
1641 4663 1701 4722 in
1731 4677 1839 4738 qua
1866 4676 1991 4720 sen-

393 4755 628 4814 tentiam
667 4769 850 4810 meam
887 4767 1064 4824 nuper
1114 4752 1355 4824 explicui
1393 4751 1466 4808 de
1501 4751 1879 4810 controversia
1905 4751 1986 4808 Si·

395 4844 585 4902 nensi'i
628 4843 690 4899 Si
725 4857 794 4898 ea
833 4843 1096 4901 est-mens
1125 4841 1252 4911 tua,
1281 4840 1557 4911 requiram
1587 4839 1738 4898 inter
1760 4839 1987 4896 fascicu-

393 4932 480 4989 los
517 4933 830 4989 chartaceos
863 4930 924 4983 et
961 4929 1176 4982 erutam
1215 4941 1401 4982 rursus
1454 4925 1791 4984 submittam.
1880 4924 1989 4984 Sed

2156 1849 2547 1907 Gratissimum
2588 1846 2694 1903 erit
2725 1845 2931 1903 discere
2946 1884 2963 1918 ‚
3006 1860 3145 1917 quae
3174 1861 3347 1917 porro
3378 1843 3449 1899 de
3478 1843 3651 1900 Sincn-

2068 1938 2221 1993 sibus
2249 1954 2287 1993 a
2323 1937 2387 1992 P.
2417 1936 2659 1992 Natali
2688 1940 2745 1991 et
2785 1934 2910 1991 aliis
2939 1933 3201 2006 habebis3
3250 1934 3327 1989 16
3384 1932 3651 1987 volumina

2068 2025 2319 2081 Sinensia
2358 2023 2508 2097 typis
2550 2023 2845 2093 impressa,
2887 2026 3017 2076 ante
3052 2036 3227 2077 annos
3265 2020 3477 2093 aliquot
3516 2020 3651 2075 misit

2070 2111 2202 2169 mihi
2256 2112 2324 2167 R.
2366 2112 2428 2167 P.
2469 2111 2849 2177 Bouvetus3
2894 2108 2990 2164 sed
3030 2108 3245 2164 litterae
3286 2109 3408 2177 ejus
3438 2109 3649 2181 periere.

2070 2204 2133 2255 ut
2160 2198 2300 2254 adeo
2332 2198 2579 2271 ignorem
2609 2196 2741 2268 quid
2780 2196 2865 2253 his
2894 2196 3272 2252 voluminibus
3300 2197 3647 2251 contineatur.

2070 2286 2156 2343 Ita
2196 2286 2479 2342 thesaurus
2521 2290 2604 2340 est
2631 2284 2999 2340 absconditas.
3088 2284 3290 2357 Scripsi
3318 2284 3447 2355 plus
3474 2282 3649 2354 semel,

2069 2375 2387 2445 litterasque
2426 2373 2481 2428 in
2512 2371 2751 2427 Galliam
2790 2373 3061 2427 curandas
3103 2371 3259 2443 misi,
3312 2372 3413 2426 sed
3456 2372 3654 2425 nullum

2069 2476 2391 2533 responsum
2420 2460 2539 2531 tuli,
2570 2464 2627 2514 et
2655 2476 2727 2514 ex
2757 2474 2865 2531 quo
2894 2458 2961 2514 R.
2992 2458 3052 2513 P.
3085 2458 3463 2527 Verjusius
3502 2456 3651 2527 obiit,

2071 2548 2317 2604 nonnihil
2357 2548 2603 2619 negligor
2641 2546 2881 2602 a‘Gallis
2911 2545 3118 2601 vestris
3208 2545 3265 2602 Si
3309 2548 3502 2601 favore
3528 2545 3655 2600 alio-

2070 2652 2194 2691 rum
2236 2637 2541 2691 amicorum
2570 2648 2891 2706 responsum
2942 2650 2978 2689 a
3006 2632 3073 2687 R.
3104 2634 3165 2689 P.
3198 2634 3518 2689 Bouveto
3566 2633 3653 2689 ob-
3680 2673 3685 2690 .

2070 2726 2243 2779 tinere
2292 2738 2509 2796 possem
2523 2760 2541 2793 ,
2593 2736 2661 2776 eo
2712 2736 2929 2793 quoque
2980 2722 3203 2777 nomine
3241 2720 3348 2776 tibi
3390 2722 3657 2791 obligatus

2072 2812 2264 2866 forem.
2321 2810 2446 2866 Non
2475 2824 2647 2882 pauca
2677 2808 2787 2864 alia
2818 2814 2877 2864 et
2904 2824 3025 2865 mea
3042 2850 3059 2883 ,
3088 2814 3144 2864 et
3172 2809 3477 2865 amicorum
3506 2826 3655 2880 quae·

2072 2899 2181 2956 sita
2220 2898 2276 2954 in
2309 2897 2503 2954 litteris
2526 2895 2597 2952 ad
2630 2897 3017 2954 Bouvetum
3058 2898 3653 2955 meis‘eontinebantur.

2070 2987 2175 3044 Sed
2208 3001 2529 3058 responsum
2558 2984 2767 3040 nullum
2796 2985 3036 3041 tulimus.
3680 2940 3689 3073 Ι

2160 3073 2323 3140 Quod
2362 3077 2638 3148 superest,
2682 3075 2802 3128 vale
2842 3078 2899 3128 et
2936 3075 3131 3128 fruere.
3219 3072 3443 3128 Dabam
3479 3073 3655 3129 Hane-
3684 3098 3691 3137 :

2392 3177 2555 3218 verae
2598 3163 2653 3216 4.
2684 3161 2921 3234 Augusti
2959 3161 3140 3217 1710.

3030 3247 3435 3304 Deditissimns.

2366 3369 2371 3374 -
2765 3341 2775 3352 '
2896 3335 2965 3390 G.
3024 3337 3093 3392 G.
3152 3333 3653 3392 Leibnitius

2160 3423 2219 3478 P.
2252 3422 2305 3478 S.
2336 3422 2453 3478 Etsi
2485 3423 2715 3478 fortasse
2744 3422 3051 3494 Imperator
3078 3423 3335 3480 Sinarum
3376 3424 3657 3479 commode

2072 3525 2185 3564 non
2214 3510 2387 3581 possit
2416 3510 2654 3566 edictum
2684 3510 2967 3582 publicare
2996 3510 3065 3566 de
3092 3510 3487 3583 significatione
3518 3510 3657 3566 vocis

2072 3596 2273 3670 Tien,
2315 3600 2547 3655 fortasse
2576 3603 2763 3653 tamen
2794 3597 3059 3653 indirecta
3089 3599 3277 3670 aliqua
3304 3599 3541 3672 ratione,
3568 3599 3659 3654 sed

2072 3685 2411 3758 authentica,
2452 3685 2658 3760 poterit
2684 3701 2751 3741 ea
2785 3685 2855 3742 de
2884 3702 2943 3740 re
2971 3687 3187 3759 aperire
3213 3690 3460 3745 mentem
3488 3703 3657 3744 suam.

2586 3963 2939 4021 EPISTOLA
2982 3964 3139 4022 XVI.

2118 4103 2742 4162 Reverendissime
2772 4108 2997 4177 pater,
3040 4106 3286 4164 fautor
3312 4105 3615 4166 Honora·

2732 4191 3020 4265 tissime,

2160 4312 2605 4378 Quesnellianam
2648 4315 3115 4386 controversiam,
3143 4329 3349 4374 munus
3374 4334 3411 4372 a
3438 4321 3493 4374 te
3518 4319 3657 4376 loeu-

2074 4401 2311 4474 lentum,
2354 4401 2538 4474 accepi
2580 4402 2819 4478 dudum,
2862 4403 3027 4475 idqw
3074 4403 3443 4474 signifimtmn
3478 4422 3515 4464 a
3548 4423 3656 4479 me,

2074 4489 2389 4563 gratiasque
2415 4493 2568 4546 actas
2596 4490 2878 4562 putabam.
2930 4491 3029 4547 Sin
3060 4493 3260 4564 minus,
3292 4493 3567 4566 incamus,
3596 4501 3657 4550 ut

2072 4593 2177 4652 par
2202 4582 2305 4634 est.
2358 4575 2616 4636 Amicum
2646 4584 2805 4636 tuum
2830 4579 3175 4648 Guelferbyti
3204 4580 3397 4638 videre
3422 4581 3656 4638 memini.

2074 4665 2305 4722 Utinam
2344 4681 2510 4738 saepe
2538 4671 2913 4741 occurrerent,
2944 4666 3003 4724 in
3030 4667 3234 4740 quibua
3276 4667 3381 4726 tibi
3404 4671 3657 4727 affectum

2072 4761 2260 4808 meum
2288 4753 2529 4826 probare
2556 4755 2805 4825 possem!

2160 4839 2375 4913 Placet,
2436 4841 2585 4913 qnod
2654 4839 2954 4909 objectioni
3022 4845 3153 4898 tuae
3206 4842 3491 4918 responsio
3514 4859 3652 4916 mea,

2072 4927 2401 5001 praesertim
2436 4943 2553 4985 non
2587 4929 2819 4986 omnino
2858 4929 3159 5002 improvisa
3186 4927 3464 4988 satisfecit.
3546 4931 3652 4996 Qui

395 5035 506 5076 non
535 5031 764 5092 possum
791 5015 980 5074 statim
1007 5011 1348 5088 promittere,
1379 5012 1454 5069 ob
1472 5013 1814 5077 confsionem
1833 5015 1989 5074 char·
2026 4978 2035 5066 l
2070 5015 2437 5074 Harmoniam
2485 5015 2925 5090 praestabilium
2972 5017 3259 5092 admittet,
3308 5034 3423 5074 non
3460 5020 3652 5094 poterit

397 5109 610 5180 mum,
647 5103 850 5180 quibus
875 5115 971 5162 me
996 5099 1312 5162 namnetum
1338 5103 1514 5177 puto..

2072 5118 2184 5164 non
2220 5104 2393 5162 etiam
2428 5102 2723 5175 admittere
2760 5104 3067 5163 doctrinam
3096 5105 3169 5162 de
3196 5104 3465 5164 divisione
3490 5110 3647 5162 mate-
