3717 5850
1877 450 2086 547 VII.

1543 631 2402 725 DIALOGUS
3091 618 3130 643 '⁹

393 884 1555 1086 CONNEXIONE
1617 964 2164 1086 INTER
2226 960 2556 1126 RES
2635 962 2856 1083 ET
2919 956 3593 1107 VERBA,

1104 1163 1276 1267 ET
1335 1160 2030 1268 VERITATIS
2084 1158 2848 1265 REALITATE.
3271 1194 3276 1199 ’

1725 1468 2223 1559 1677.

353 1748 609 1803 (Oeuvres
642 1752 1055 1806 puuosopmques
1088 1754 1271 1799 latines
1308 1760 1357 1800 et
1392 1752 1675 1816 franceises
1709 1754 1770 1798 de
1806 1753 1891 1799 feu
1925 1756 2018 1799 Mr.
2063 1752 2133 1797 de
2167 1751 2430 1797 Lelbniz
2465 1750 2620 1797 tii-ees
2664 1748 2725 1795 de
2769 1762 2856 1797 ses
2911 1751 3226 1809 manuscrits,
3274 1750 3358 1803 qui
3397 1762 3462 1795 se
3503 1761 3630 1795 con-

416 1822 781 1948 πιέὅοιιῑίαιὲιι
807 1826 912 1939 :1⁵2⁵
912 1822 1246 1947 bjlbuomeque
1291 1828 1490 1881 novale
1526 1821 1561 1871 ὁ
1606 1826 1842 1872 Ηιιιιονιο
1889 1830 1939 1869 et
1973 1822 2201 1880 publices
2236 1833 2328 1879 par
2363 1826 2457 1870 mr.
2495 1821 2640 1869 Rud.
2676 1823 2818 1869 Eric
2855 1824 3078 1877 Raspe.
3160 1823 3318 1867 Amst.
3356 1826 3408 1867 ct
3441 1821 3630 1874 Leipz-

1762 2020 2186 2030 ——--——-ae

348 2136 419 2193 A.
456 2137 519 2194 Si
549 2138 701 2195 filum
733 2138 865 2197 Tibi
896 2141 1134 2215 damtur,
1168 2142 1317 2214 quod
1348 2142 1429 2199 ita
1465 2144 1679 2201 flectere
1707 2143 1928 2216 debeas,
1979 2133 1985 2193 Ι
2031 2140 2102 2197 A.
2143 2140 2432 2197 Tentanda
2463 2143 2652 2195 tamen
2677 2138 2991 2197 conciliatio
3033 2143 3131 2195 est.
3217 2140 3466 2195 Putasne
3509 2154 3634 2194 om-

457 2231 523 2283 ut
570 2226 632 2283 in
684 2246 742 2283 se
790 2229 979 2291 redeat
1018 2235 1075 2287 et
1112 2236 1380 2302 quantum
1428 2232 1729 2305 plurimum
1766 2230 1933 2305 spatii
2141 2245 2240 2285 nes
2271 2227 2647 2302 cogitationes,
2677 2243 2818 2300 quae
2845 2228 2962 2284 fieri
2993 2232 3232 2302 possent,
3279 2245 3480 2302 reapse
3517 2230 3634 2283 for-

459 2318 898 2391 comprehendat,
928 2320 1209 2391 quomodo
1241 2320 1299 2375 id
1326 2320 1603 2377 flecteres}
2143 2317 2302 2390 mari,
2333 2317 2424 2373 vel
2451 2321 2514 2372 ut
2541 2317 2742 2374 clarius
2765 2315 2889 2385 jam
2917 2316 3114 2390 dicam,
3159 2321 3392 2389 putasne
3429 2333 3632 2372 omnes

350 2404 412 2459 B.
466 2402 535 2461 In
572 2406 779 2479 orbem.
854 2408 1162 2466 Ostendant
1208 2408 1359 2465 enim
1398 2410 1725 2465 Geometme
1764 2406 1936 2465 circu·
2143 2405 2544 2480 propositiones
2571 2405 2833 2479 cogitari!

459 2492 578 2549 lum
607 2507 721 2550 esse
750 2496 1161 2569 capacissimum
1198 2498 1493 2570 figurarum
1535 2498 1781 2568 ejusdem
1818 2514 1936 2571 am-
2034 2493 2098 2553 B.
2145 2494 2276 2551 Non
2306 2498 2457 2567 puto.
2981 2532 2992 2539 -

462 2582 638 2638 bitus:
682 2587 740 2639 ct
777 2584 825 2639 si
868 2585 1009 2641 duae
1046 2585 1162 2642 sint
1188 2586 1417 2661 insulae,
1450 2604 1563 2643 una
1592 2586 1932 2661 orbicularis,
2035 2584 2106 2639 A.
2145 2582 2314 2639 Vides
2365 2598 2496 2655 ergo
2547 2582 2836 2639 veritatem
2877 2598 2996 2639 esse
3039 2582 3488 2655 propositionum
3533 2598 3632 2638 seu

461 2670 634 2727 altera
676 2672 959 2746 quadrata,
1006 2688 1147 2747 quae
1186 2676 1403 2747 aequali
1430 2680 1677 2751 tempore
1704 2676 1936 2733 circum-
2143 2671 2555 2745 cogitationum,
2589 2670 2688 2727 sed
2713 2670 3088 2744 possibilium,
3133 2671 3212 2727 ita
3243 2676 3308 2726 ut
3345 2672 3490 2728 illud
3523 2673 3632 2727 sal-

460 2758 533 2815 iri
560 2759 788 2836 possint,
820 2762 1181 2821 orbicularem
1212 2762 1335 2837 plus
1366 2766 1485 2839 agri
1516 2765 1813 2823 continere.
2145 2766 2260 2817 tem
2289 2764 2499 2817 certum
2527 2760 2617 2832 sit,
2651 2759 2698 2815 si
2731 2760 2854 2832 quis
2881 2760 2986 2818 hoc
3013 2764 3114 2817 aut
3141 2760 3425 2817 contrario
3457 2760 3632 2817 modo

352 2846 424 2903 A.
465 2847 705 2904 Hoocine
753 2867 947 2915 verum
995 2868 1111 2909 esse
1152 2857 1331 2928 putas,
1374 2855 1592 2913 etiamsi
1632 2871 1669 2911 a
1699 2856 1783 2912 Te
1820 2872 1936 2913 non
2145 2848 2367 2925 cogitet,
2421 2848 2812 2921 cogitationem
2861 2848 2980 2918 eius
3035 2865 3224 2905 veram
3275 2854 3376 2907 aut
3427 2851 3634 2906 salsam

462 2937 764 3010 cogitetur²
2149 2940 2302 2996 fore²

353 3023 605 3100 13.1m0‚
642 3032 936 3100 antequam
976 3022 1081 3086 vel
1105 3031 1429 3088 Geometras
1472 3033 1533 3090 id
1574 3033 1941 3092 demonstras-
2039 3027 2105 3084 Β.
2151 3028 2320 3084 Recte
2346 3043 2449 3083 nos
2477 3026 2785 3100 expediisse
2813 3027 3016 3084 videris
3046 3043 3121 3084 ex
3149 3027 3362 3084 lubrico
3393 3028 3546 3084 loco.

412 3140 422 3150 ·
462 3118 601 3187 sent,
634 3117 721 3172 vel
746 3117 996 3179 hominae
1032 3119 1427 3178 observassent.
2041 3115 2112 3172 A.
2151 3116 2260 3173 Sed
2301 3115 2568 3189 quoniam
2609 3131 2854 3172 caussam
2893 3117 3136 3188 aliquam
3181 3117 3370 3173 adesse
3407 3135 3632 3173 necesse

355 3201 427 3258 A.
464 3203 654 3275 Ergo
638 3220 697 3258 m
738 3206 900 3262 rebus
930 3223 1047 3263 non
1090 3207 1152 3263 in
1190 3209 1613 3283 cogitationibus
1651 3211 1942 3268 veritatem
2153 3209 2254 3280 est,
2299 3221 2398 3261 cur
2434 3203 2694 3277 cogitatio
2725 3204 2914 3277 aliqua
2950 3223 3082 3262 vera
3123 3209 3222 3262 aut
3261 3207 3400 3262 falsa
3441 3209 3634 3328 futura

465 3307 532 3346 ac
562 3291 856 3350 falsitatem
882 3311 999 3352 esse
1025 3297 1219 3368 putas²
2153 3293 2243 3366 sit,
2276 3294 2416 3350 hanc
2446 3292 2544 3350 ubi
2581 3308 2783 3365 quaeso
2813 3296 3170 3366 quaeremus.
3149 3295 3176 3334 ²

301 3385 307 3392 '
358 3377 423 3436 Β.
468 3378 557 3436 Ita
586 3395 733 3436 sane.
2043 3382 2108 3440 B.
2153 3383 2220 3440 In
2249 3386 2450 3438 natura
2477 3398 2664 3438 rerum
2693 3387 2846 3454 puto.

358 3465 431 3521 A.
473 3467 896 3541 Anresaliqua
924 3471 1204 3532 falsaest‘!
2027 3470 2114 3526 ·A.
2157 3469 3050 3536 Quidsieaoriaturexnatura
3079 3471 3233 3528 Τιιιιῖ

360 3554 427 3613 Β.
472 3554 603 3612 Νοιι
660 3573 747 3613 res
799 3563 961 3633 puto,
1028 3561 1123 3617 sed
1187 3564 1449 3636 cogitatio
1500 3567 1589 3622 vel
1641 3567 1946 3641 propositio
2046 3560 2111 3618 B.
2157 3561 2314 3618 Certe
2343 3575 2458 3615 non
2485 3575 2560 3616 ex
2591 3561 2742 3634 sola,
2785 3576 2918 3618 nam
2957 3577 3176 3616 necesse
3215 3565 3302 3616 est
3343 3566 3401 3617 et
3443 3577 3632 3618 meam

474 3644 544 3700 dc
575 3661 655 3701 re.
2157 3653 2214 3705 et
2243 3664 2444 3720 rerum,
2479 3647 2547 3704 de
2575 3649 2773 3720 quibus
2801 3651 2998 3722 cogito,
3023 3653 3276 3706 naturam
3297 3651 3464 3706 talem
3501 3669 3629 3722 ense,

364 3730 435 3787 A.
476 3733 667 3806 ltaque
696 3734 905 3792 falsitas
933 3741 1017 3793 est
1046 3739 1456 3819 cogitationum,
1493 3761 1608 3801 non
1638 3745 1857 3802 rerum!
2159 3741 2241 3809 ut,
2284 3735 2504 3808 quando
2547 3737 2806 3794 methodo
2845 3737 3090 3811 legitima
3127 3739 3385 3812 proemio,
3429 3757 3634 3813 propo-

365 3821 431 3876 B.
478 3822 657 3895 Cogor
684 3824 859 3881 fateri.
2158 3824 2433 3899 sitionem,
2469 3825 2538 3881 de
2566 3841 2676 3898 qua
2702 3826 2900 3901 agitur,
2943 3843 3040 3883 seu
3079 3843 3268 3884 veram
3311 3845 3410 3885 seu
3437 3830 3634 3885 falsam

365 3909 436 3966 A.
480 3911 679 3968 Nonne
710 3930 839 3987 ergo
866 3919 924 3971 et
954 3917 1186 3974 veritasi
2159 3914 2502 3973 concludam.

368 4001 433 4059 B.
480 4000 739 4074 videtui-3
804 4005 1102 4062 subdubito
1168 4011 1356 4063 tamen
1408 4025 1483 4063 an
1536 4010 1717 4065 valeat
1764 4025 1951 4066 conse-
2052 4002 2121 4058 A.
2162 4006 2356 4062 Pulcro
2395 4003 2711 4076 respondes.
2799 4006 2940 4062 Sunt
2979 4009 3167 4061 tamen
3209 4005 3591 4063 difficultates!

480 4089 721 4160 quentia.
2000 4089 2004 4107 ¹
2053 4093 2119 4151 B.
2163 4095 2451 4158 Quaenam
2481 4091 2741 4149 obsecro?

372 4176 442 4231 A.
481 4175 681 4233 Nonne
712 4178 995 4250 proposita
1036 4181 1367 4254 quaestione,
1403 4187 1700 4256 antequam
1739 4191 1956 4242 senten-
2055 4182 2125 4238 A·
2165 4182 2406 4248 Quidam
2454 4180 2564 4236 Viri
2613 4181 2759 4239 (1005
2809 4185 3007 4255 putant
3057 4182 3346 4239 veritatem
3385 4183 3525 4239 oriri
3565 4181 3632 4238 ab

482 4263 595 4322 tiae
626 4267 802 4320 certus
831 4265 921 4339 εἰς,
956 4267 1175 4324 dubitas
1206 4285 1467 4328 verumne
1498 4271 1707 4344 aliquid
1742 4275 1827 4331 vel
1856 4277 1957 4331 fal-
2167 4269 2398 4327 arbitrio
2425 4270 2668 4326 humano
2705 4273 2761 4326 ct
2795 4286 2871 4326 cx
2897 4271 3214 4330 nominibus
3245 4289 3342 4328 seu
3369 4273 3633 4328 characte-

484 4371 607 4409 sum
634 4353 743 4409 sit‘e-
2166 4360 2352 4416 ribus!
2817 4387 2824 4394 ·

375 4443 439 4500 B.
485 4443 658 4498 Certe.
2004 4294 2012 4527 i,
2057 4449 2122 4506 B.
2167 4448 2342 4504 Valde
2367 4448 2652 4520 paradoxa
2681 4449 2814 4504 haec
2839 4447 3112 4505 sententia
3137 4453 3236 4504 est.

286 4583 304 4590 -
375 4531 447 4588 A.
489 4531 758 4604 Agnoscis
784 4547 915 4602 ergo
944 4531 1095 4588 idem
1126 4549 1241 4590 esse
1277 4534 1587 4606 subjectum
1625 4539 1874 4597 veritatis
1905 4544 1961 4596 et
1995 4570 2004 4588 ι

488 4619 740 4675 falsitatis
772 4636 965 4692 capax,
999 4621 1171 4699 donec
1190 4623 1513 4682 alterutrum
1542 4643 1617 4684 ex
1644 4628 1961 4702 particulari

489 4706 827 4780 quaestionis
857 4713 1055 4766 natura
1084 4714 1327 4768 constet}

378 4798 443 4854 B.
489 4797 745 4870 Agnosco
789 4800 846 4853 et
888 4800 1078 4872 fateor,
1123 4801 1171 4856 si
1210 4801 1419 4858 falsitas
1462 4803 1534 4860 sit
1560 4805 1960 4880 cogitationum

487 4886 655 4942 etiam
683 4885 971 4944 veritatem
1002 4906 1118 4945 esse
1147 4889 1540 4963 cogitationum
1572 4911 1688 4952 non
1714 4912 1916 4954 rerum.

2059 4537 2130 4592 A.
2171 4537 2278 4593 Sed
2311 4552 2436 4592 eam
2469 4536 2548 4592 ita
2575 4535 2829 4608 probant.
2873 4536 3074 4594 Nonne
3101 4536 3350 4614 definitio
3376 4541 3460 4592 est
3493 4536 3636 4610 prin-

2169 4625 2376 4698 cipium
2405 4625 2920 4685 demonstrationis?

2059 4715 2124 4772 Β.
2172 4716 2386 4786 Fateor,
2442 4731 2576 4770 nam
2625 4731 2697 4771 ex
2747 4713 2879 4770 solis
2929 4713 3342 4772 definitionibus
3389 4713 3535 4770 inter
3581 4727 3634 4766 se

2162 4802 2370 4872 junctis
2410 4803 2811 4876 propositiones
2863 4804 3082 4876 aliquae
3119 4804 3483 4862 demonstrari
3521 4817 3632 4876 pos-

2171 4895 2315 4948 sunt.

381 4975 452 5032 A.
494 4975 599 5032 Sed
629 4977 731 5032 hoc
762 4974 846 5031 illi
876 4979 1216 5052 contradicit,
1249 4981 1397 5053 quod
1427 4998 1592 5055 supra
1624 4983 1833 5060 dixisti,
1873 5003 1962 5043 ve-
2062 4979 2129 5037 A.
2173 4979 2392 5037 Talium
2423 4995 2553 5058 ergo
2567 4961 3023 5056 propositionum
3047 4981 3247 5039 veritas
3275 4979 3480 5054 pendet
3497 4995 3532 5035 a
3552 4977 3632 5033 dc·

492 5081 617 5121 rum
646 5081 763 5120 esse
793 5064 963 5121 etiam
989 5067 1139 5138 quod
1170 5085 1205 5123 a
1234 5069 1452 5130 nemine
1476 5072 1787 5148 cogitaturi
2173 5068 2546 5127 finitionibus²

382 5154 448 5212 B.
492 5156 823 5230 Pei-plexum
854 5173 945 5216 me
974 5155 1276 5214 reddidisti.
2065 5159 2130 5219 B.
2175 5158 2444 5218 Concedo.
