3717 5850
373 353 420 425 4
1434 358 1476 414 1.
1545 354 1648 415 DE
1689 353 2058 456 memo
2098 349 2481 413 molvium„

364 509 680 582 juramento
724 519 824 561 suo
881 501 982 572 (ut
1023 499 1279 558 meminit
1319 500 1688 557 Mercenar.
1733 501 1795 556 in
1849 517 1957 556 re·

372 597 748 673 sponsione
787 592 860 649 ad
897 589 1184 661 eujusdam
1215 590 1565 647 Scotistae
1597 589 1959 663 impugna-

373 689 638 746 tionem
659 698 822 740 suae
841 681 1272 750 sententiae)
1297 679 1546 737 certatim
1568 679 1956 736 defenderunt:

373 779 435 833 in
464 776 664 848 quibus
692 772 828 828 satis
869 773 1115 826 vemstus
1143 773 1244 843 est,
1289 775 1344 826 et
1373 768 1520 825 unde
1551 767 1808 824 audacter
1839 766 1961 836 ejus

375 879 596 922 sensam
637 861 873 934 n‘meriS,
907 859 1056 917 Joh.
1085 857 1156 915 de
1177 857 1521 931 Bassolis,
1563 856 1742 929 ipsius
1765 855 1960 913 Scoti

374 954 612 1027 auditor,
659 952 956 1008 Oecamo
997 953 1186 1005 tamen
1215 949 1448 1004 fortasse
1475 946 1644 1020 prior,
1677 945 1809 1017 quia
1837 943 1959 1014 ejus

375 1047 569 1100 eontra
611 1043 688 1097 Se
702 1044 890 1095 otum
933 1038 1138 1109 placita
1179 1036 1380 1092 nullibi
1421 1037 1640 1094 refutat.

273 1137 284 1142 '
464 1131 512 1201 g.
543 1131 640 1186 17.
705 1128 916 1184 Notum
957 1130 1145 1184 autem
1173 1129 1274 1198 est,
1311 1127 1586 1180 Scotum
1627 1123 1797 1179 fuisse
1819 1121 1961 1178 Rea-

379 1221 518 1276 lium
547 1223 872 1290 extremum,
906 1215 1037 1286 quia
1069 1213 1398 1272 universalia
1417 1227 1606 1268 veram
1627 1215 1787 1268 extra
1808 1223 1961 1266 men-

379 1313 494 1364 tem
525 1307 834 1364 realitatem
855 1305 1054 1360 habere
1083 1301 1292 1375 statuit,
1325 1317 1496 1372 quum
1525 1301 1820 1357 Thomas
1849 1301 1963 1356 for-

379 1397 525 1452 male
565 1409 758 1452 eorum
799 1392 1062 1466 proficisci
1104 1392 1178 1448 ab
1207 1391 1484 1447 intellectu
1512 1390 1694 1446 vellet.
1761 1387 1847 1444 Nc
1879 1393 1963 1444 ta-

381 1501 510 1541 men
553 1485 613 1539 in
656 1482 982 1539 sententiam
1025 1483 1287 1553 vergeret,
1335 1479 1601 1535 tributam
1643 1479 1717 1534 ab
1747 1477 1963 1532 Aristo-

380 1575 492 1629 tele
532 1571 778 1644 Platoni,
825 1569 1364 1626 distinctionem
1406 1567 1772 1624 formalem
1812 1581 1963 1622 com-

380 1665 598 1717 mentus
615 1665 701 1716 ost
729 1657 1012 1731 palliando
1032 1657 1224 1730 errori,
1259 1671 1401 1728 quae
1421 1661 1564 1712 esset
1583 1655 1810 1728 quidem
1829 1659 1963 1710 ante

381 1749 756 1822 operationem
799 1747 1106 1803 intellectus
1119 1787 1135 1820 ,
1181 1745 1385 1801 diceret
1425 1750 1613 1801 tamen
1653 1752 1962 1816 respectum

381 1838 453 1894 ad
495 1853 638 1894 eum.
707 1836 824 1892 Hac
865 1835 1096 1892 credidit
1139 1849 1307 1906 genus
1351 1833 1615 1906 distingui
1649 1847 1686 1888 a
1707 1833 1963 1889 differen-

380 1927 480 2000 tia,
515 1929 573 1982 et
601 1927 993 1996 consequenter
1025 1923 1394 1979 differentiam
1425 1919 1762 1979 numerimm
1783 1937 1819 1977 a
1839 1936 1962 1992 spe-

381 2015 491 2071 cie:
537 2013 802 2086 quoniam
855 2011 1008 2068 enim
1049 2011 1388 2068 universalia
1429 2011 1600 2068 realia
1643 2027 1762 2066 esse
1803 2025 1963 2084 prae-

383 2105 767 2175 supposuerat,
825 2101 914 2157 vel
955 2100 1362 2156 contradicendi
1405 2099 1588 2157 studio
1606 2140 1622 2173 ,
1679 2100 1770 2155 vel
1814 2098 1965 2172 quod

383 2191 678 2247 Thomae
720 2190 1046 2246 sententiam
1087 2189 1535 2262 inexplicabilem
1563 2191 1801 2262 putaret,
1848 2187 1965 2242 No-

384 2279 676 2335 minalium
714 2277 1105 2351 incredibilem,
1149 2293 1366 2334 neeesse
1397 2277 1520 2350 fuit,
1563 2277 1860 2349 singularia
1888 2291 1964 2331 ex

383 2367 679 2425 universali
721 2372 780 2423 et
820 2367 1006 2439 aliquo
1049 2365 1402 2438 superaddito
1455 2366 1620 2439 oriri3
1673 2369 1737 2422 ut
1778 2369 1963 2421 autem

384 2461 470 2512 est
499 2455 786 2529 proportio
815 2456 964 2512 inter
995 2471 1164 2528 genus
1195 2459 1252 2512 et
1281 2455 1537 2528 speciem,
1572 2453 1654 2510 ita
1682 2453 1827 2509 inter
1843 2469 1963 2527 spe-

383 2545 526 2600 ciem
557 2548 614 2601 et
644 2543 1001 2618 individuum,
1035 2559 1204 2616 quare
1223 2544 1306 2600 uti
1327 2543 1442 2599 illie
1463 2543 1771 2599 differentia
1791 2541 1965 2615 speci-

385 2633 485 2689 flea
527 2638 628 2705 est,
673 2633 754 2688 ita
795 2632 882 2688 hie
913 2631 1343 2688 individuifleam
1379 2649 1498 2688 offis
1539 2631 1914 2688 concludebat.

473 2721 522 2790 5.
564 2721 658 2777 18.
728 2721 900 2795 Hane,
948 2721 1250 2776 eludendae
1294 2720 1609 2776 Aristotelis
1651 2719 1957 2794 autoritati,

385 2793 700 2882 appellabat
741 2809 1106 2868 materiam
1148 2809 1384 2866 totius
1450 2808 1612 2884 Nam,
1657 2809 1958 2882 inquiebat,

384 2901 470 2955 est
497 2901 718 2956 forma
763 2897 1013 2973 totius,
1046 2913 1099 2954 v.
1133 2916 1180 2972 g.
1213 2898 1542 2973 humanitas,
1573 2902 1838 2971 tanquam
1866 2898 1964 2954 ab·

385 2990 646 3045 sti-aetum
666 2988 924 3061 hominia,
947 2988 1356 3061 euiopponitur
1385 2988 1676 3044 materia
1707 2986 1959 3060 totiuS,

385 3092 585 3150 nempe
625 3076 1046 3150 haecceitas,
1105 3080 1162 3133 et
1205 3078 1426 3132 forma
1469 3077 1717 3149 partiS,
1775 3076 1965 3131 anima

385 3165 688 3241 rationalis,
732 3166 823 3222 cui
864 3180 1080 3241 eorpus,
1125 3169 1190 3221 ut
1231 3165 1526 3221 materia
1569 3164 1818 3239 partis,
1866 3180 1964 3236 op-

387 3254 627 3327 ponitur.
695 3253 802 3309 Sed
843 3254 903 3309 id
929 3253 1067 3309 nihil
1107 3258 1221 3327 oet3
1264 3268 1397 3310 nam
1437 3253 1754 3327 haeeceitaS,
1801 3253 1850 3307 si
1880 3256 1965 3309 oet

365 3340 620 3403 ,materia
662 3342 849 3415 totius,
897 3342 1061 3398 debet
1101 3358 1228 3398 eum
1269 3342 1609 3400 humanitate
1650 3345 1963 3399 concretum

386 3430 714 3487 constituere
737 3429 1033 3487 hominem.
1101 3431 1180 3486 At
1207 3430 1306 3487 illa
1331 3431 1614 3488 constituit
1655 3432 1828 3487 hunc
1867 3431 1965 3487 ho-

387 3518 614 3591 minem,
649 3518 874 3575 deberet
901 3518 1068 3590 igitur
1095 3518 1210 3575 alia
1229 3536 1361 3576 vera
1382 3519 1612 3575 niateria
1631 3519 1801 3576 totius
1821 3520 1960 3591 dari,

387 3620 530 3680 quae
547 3606 824 3663 hominem
841 3606 902 3663 in
913 3608 1209 3663 universali
1229 3608 1586 3664 constituerit.
1615 3608 1796 3664 Taceo
1815 3608 1964 3680 quod

387 3696 486 3753 illa
525 3696 823 3753 haeoceitas
865 3700 1006 3753 esset
1033 3696 1218 3770 potius
1259 3699 1455 3769 forma,
1501 3696 1772 3753 contrahit
1813 3696 1964 3753 enim

387 3790 446 3841 et
472 3784 789 3859 distinguit3
833 3789 1129 3859 praeterea,
1171 3785 1239 3860 si,
1281 3788 1344 3841 ut
1372 3786 1566 3842 volunt
1593 3785 1840 3859 plerique
1872 3802 1965 3841 ve-

389 3874 698 3949 tustiorum,
745 3892 799 3930 v.
829 3875 1048 3932 Perer.
1099 3875 1133 3930 l.
1161 3877 1216 3931 6.
1247 3891 1294 3931 e.
1322 3877 1402 3949 6.,
1449 3875 1727 3947 quidditas
1769 3874 1849 3931 rei
1883 3891 1965 3930 se-

388 3964 626 4020 cundum
647 3964 1003 4020 Aristotelem
1023 3964 1146 4019 sola
1173 3965 1352 4019 sonna
1381 3964 1707 4037 continetur,
1755 3966 1819 4018 ut
1849 3978 1967 4017 ma-

389 4050 530 4107 teria
571 4052 645 4107 sit
689 4052 868 4107 solum
911 4052 1234 4125 vehiculum,
1282 4054 1465 4107 forma
1519 4052 1690 4107 totius
1741 4054 1799 4106 et
1841 4068 1967 4124 par·

389 4138 462 4194 tis
504 4140 650 4212 apud
695 4138 1050 4197 Aristotelem
1093 4142 1222 4193 sunt
1275 4139 1451 4211 idem3
1507 4154 1562 4196 v.
1609 4138 1885 4194 Meroen
1927 4140 1965 4196 l.

387 4242 440 4282 c.
483 4244 532 4284 e.
581 4226 637 4282 5.
693 4231 752 4283 et
802 4242 902 4299 per
953 4226 1363 4299 Apologiam
1418 4230 1623 4303 totam,
1681 4242 1746 4282 ae
1803 4228 1965 4287 Zab.

387 4316 428 4376 l.
472 4333 522 4371 c·
568 4332 613 4370 c.
652 4314 690 4370 8
713 4320 772 4371 et
799 4315 898 4371 10.

476 4403 523 4473 g.
557 4404 654 4459 19.
723 4402 1091 4458 Existentiam
1111 4404 1304 4459 Scotus
1345 4420 1461 4459 non
1505 4403 1744 4478 athnitit,
1775 4420 1966 4477 quam·

387 4488 473 4546 vis
513 4508 638 4547 eam
693 4491 998 4549 formaliter
1049 4491 1348 4564 distinguat
1397 4494 1472 4551 ab
1515 4493 1778 4567 oesentia3
1833 4510 1966 4549 nam

385 4580 534 4651 apud
555 4596 680 4636 eum
701 4579 926 4654 speeies,
964 4579 1208 4652 praecisa
1226 4581 1568 4655 haeeoeitate,
1591 4582 1800 4638 existit.
1857 4583 1965 4639 De-

389 4668 566 4725 fendit
607 4670 882 4725 Scotum
935 4685 1010 4725 ex
1052 4668 1445 4727 recentioribus
1497 4670 1744 4727 Petrus
1789 4672 1964 4728 Fon·

387 4774 567 4831 seca,
623 4758 874 4830 quamvis
915 4774 952 4813 a
995 4758 1257 4815 Murcia
1316 4776 1418 4832 pro
1461 4763 1649 4815 nostra
1691 4761 1964 4817 sententia

385 4846 598 4920 citetur,
645 4864 698 4903 v.
721 4847 876 4903 Met.
923 4864 972 4903 c.
999 4849 1056 4904 6.
1089 4862 1141 4919 q.
1169 4848 1228 4904 5.
1273 4853 1332 4904 et
1353 4848 1761 4905 Eustachius
1803 4867 1841 4905 a
1870 4852 1957 4905 St.

387 4934 598 4992 Paulo
641 4937 677 4992 l.
707 4952 757 4992 e.
825 4935 958 4991 Vico
1000 4952 1175 5011 vet-sa,
1222 4938 1370 5008 quod
1415 4936 1645 5011 mireris,
1693 4943 1823 4995 sunt
1864 4938 1960 5010 qui

387 5022 785 5082 Suaresium
838 5023 911 5078 ad
955 5024 1174 5079 Scotum
1227 5026 1474 5099 trahant,
1531 5026 1678 5098 quod
1732 5031 1956 5101 asserat,

386 5112 567 5188 Disp.
591 5114 740 5171 Met.
779 5113 856 5186 5.,
903 5116 1062 5168 sect.
1093 5112 1193 5168 11.
1225 5114 1293 5170 N.
1325 5114 1444 5189 16„
1491 5114 1834 5172 individuum
1864 5116 1959 5171 ad·

388 5200 518 5261 dere
557 5202 770 5277 aliquid
811 5218 976 5275 supra
1017 5218 1366 5263 communem
1409 5209 1691 5282 naturam,
1739 5204 1955 5263 ratione

2060 500 2403 557 distinctum.
2480 499 2561 554 At
2602 496 2798 554 ultima
2841 495 3015 554 ινα-1η
3054 496 3261 554 nubem
3302 495 3447 552 hanc
3490 495 3661 552 heile

2060 589 2357 658 disjiciunt.
2425 585 2681 659 Plerique
2698 587 2849 642 erum
2868 586 3192 660 concedunt,
3226 585 3378 658 quod
3396 601 3496 657 per
3516 601 3659 657 ope-

2060 679 2334 735 rationem
2378 677 2579 732 mentis
2604 675 2769 732 detur
2795 675 3105 732 differentia
3144 673 3529 730 imlividmlisz
3574 689 3659 730 an

2060 767 2229 840 igitur
2270 766 2367 823 Fr.
2414 763 2681 820 Oviedo
2734 767 2793 820 et
2832 764 3043 820 similes
3084 767 3377 837 propterea
3418 761 3659 819 Scoti-

2062 859 2210 913 stae
2252 854 2447 912 auriti
2491 853 2740 910 Primum
2770 853 3125 910 autemSeoti
3158 852 3517 910 fundamenta
3548 868 3661 924 po-

2061 959 2194 1001 nam
2223 949 2281 1000 et
2308 944 2542 1016 solvam,
2576 941 2709 998 indo
2732 941 2981 998 adductis
3002 941 3267 998 madiinis
3294 941 3657 1013 oppugnabo.

2148 1033 2196 1102 ξ.
2225 1031 2329 1090 20.
2393 1032 2643 1090 Primum
2670 1047 2775 1105 pro
2808 1031 2973 1088 Scoto
3002 1033 3383 1104 argumentum
3412 1030 3487 1086 ab
3518 1030 3663 1102 ipso

2061 1121 2309 1196 allatum,
2354 1123 2667 1178 reeensente
2719 1119 3009 1178 Pererio
3054 1121 3091 1176 1.
3136 1121 3197 1177 6.
3240 1135 3290 1176 e.
3342 1119 3469 1192 10„
3530 1123 3659 1174 oet:

2063 1211 2259 1267 Omnis
2284 1203 2473 1266 unitas
2498 1209 2743 1282 aliquam
2770 1209 3059 1266 entitatem
3084 1207 3460 1280 consequitur,
3494 1208 3559 1262 Ε..
3592 1213 3665 1263 et

2062 1299 2367 1372 numerica3
2410 1300 2509 1355 illa
2536 1301 2723 1354 autem
2766 1298 2968 1353 entitas
3010 1312 3127 1354 non
3169 1301 3255 1353 est
3282 1297 3358 1371 id,
3404 1296 3556 1368 quod
3590 1297 3665 1352 in

2062 1389 2239 1462 specie
2260 1387 2574 1444 includitur.
2622 1387 2684 1442 E.
2706 1383 2915 1459 aliquid
2934 1385 2987 1442 ei
3008 1386 3435 1459 &ipa-additum,
3446 1403 3666 1458 nempe

2062 1477 2374 1534 differentia
2396 1475 2768 1532 individualis.
2800 1501 2872 1516 —
2900 1475 3063 1548 Resp.
3078 1493 3097 1530 z
3132 1475 3329 1530 Unitas
3356 1476 3663 1530 entitatem

2062 1567 2308 1638 sequitur
2336 1565 2397 1620 in
2422 1568 2705 1638 conceptu,
2750 1563 2814 1620 in
2856 1579 2919 1620 re
2956 1563 3107 1620 idem
3134 1568 3233 1620 est.
3301 1563 3415 1620 Nee
3441 1565 3665 1620 entitas

2062 1656 2341 1711 numerica
2392 1653 2579 1710 differt
2620 1669 2657 1708 a
2698 1651 2946 1724 specifica
2986 1653 3225 1709 realiter.
3312 1653 3383 1709 11.
3430 1654 3665 1726 Speeioe

2062 1759 2177 1799 non
2220 1761 2321 1817 per
2362 1746 2600 1799 formam
2640 1742 2731 1797 vel
2764 1741 3052 1797 maten‘am
3092 1741 3183 1798 vel
3211 1741 3511 1798 madentia
3541 1748 3663 1798 etc.

2060 1832 2427 1890 contrahiturt
2456 1831 2521 1887 E.
2550 1829 2881 1902 relinquitm·
2896 1829 3215 1889 haecceitas.
3234 1857 3309 1872 --·
3324 1831 3519 1904 Respa
3549 1847 3667 1904 per

2062 1920 2203 1978 nihil
2246 1919 2613 1994 conta-abitur,
2670 1918 2805 1992 quia
2856 1923 3016 1976 extra
3060 1923 3303 1976 mentem
3344 1921 3499 1976 nulla
3538 1928 3661 1978 est.

2063 2009 2158 2068 ΙΙΙ.
2204 2011 2358 2076 Quae
2402 2009 2683 2082 differunt,
2728 2025 2829 2082 per
2858 2009 3046 2082 aliqua
3074 2007 3257 2081 primo
3288 2009 3507 2065 diversa
3540 2011 3665 2066 dir-

2065 2101 2261 2156 rerunt.
2341 2099 2405 2155 E.
2451 2099 2699 2154 Socratae
2742 2101 2801 2153 et
2843 2097 3005 2153 Plato
3048 2113 3149 2170 per
3190 2097 3445 2154 ultimam
3488 2097 3664 2155 diffe-

2063 2188 2319 2263 rentiam,
2350 2203 2553 2260 nempe
2579 2187 2981 2244 lneoceitatem.
3004 2215 3079 2227 --
3096 2187 3257 2260 Resp.
3274 2205 3291 2240 ι
3320 2201 3463 2259 quae
3488 2187 3661 2244 diffe-

2062 2281 2209 2350 runt,
2250 2277 2459 2333 limito:
2502 2274 2610 2331 nisi
2654 2273 2767 2331 sint
2806 2274 2930 2348 ipsa
2970 2275 3155 2348 primo
3198 2275 3441 2350 diva-sa,
3488 2280 3551 2332 et
3598 2295 3663 2335 se

2065 2365 2199 2439 ipsis
2240 2365 2517 2438 differant,
2566 2380 2663 2436 per
2705 2364 2891 2436 aliqua
2934 2369 3034 2420 ete.
3080 2365 3162 2421 sie
3204 2381 3324 2438 neg.
3374 2363 3511 2419 min.

2152 2453 2201 2522 ἦ.
2228 2453 2333 2511 21.
2402 2453 2499 2510 IV.
2522 2452 2741 2526 Species
2780 2469 2881 2525 per
2924 2453 3295 2510 differentiam
3338 2453 3661 2526 spediieam

2064 2541 2339 2600 contrahit
2381 2557 2567 2616 genus,
2637 2541 2701 2597 E.
2746 2541 3094 2598 individuum
3136 2559 3236 2616 per
3278 2541 3663 2600 differentiam

2064 2632 2399 2688 numerieam
2415 2631 2669 2704 speciem.
2690 2657 2763 2672 —
2782 2630 2975 2704 Resp.:
2996 2647 3119 2704 neg.
3141 2631 3467 2688 antecedens
3487 2635 3663 2689 extra

2064 2725 2323 2778 mentem.
2392 2721 2459 2775 V.
2494 2719 2801 2776 Fonseea
2824 2719 2959 2775 l.c.:
3005 2719 3297 2778 Individua
3321 2721 3429 2777 sub
3458 2719 3665 2793 aliqua

2064 2815 2260 2866 natura
2304 2809 2538 2866 univoca
2582 2813 2726 2864 sunt.
2794 2807 2861 2865 E.
2908 2807 3178 2881 quaedam
3207 2809 3387 2882 [rimo
3430 2809 3665 2867 diversa

2064 2897 2363 2956 meladunt.
2388 2926 2461 2940 -
2475 2897 2637 2970 Resp.
2657 2915 2672 2952 ε
2694 2903 2759 2954 ut
2778 2897 2945 2970 prius.
2968 2926 3041 2939 -
3060 2897 3153 2954 VI.
3176 2897 3338 2955 item:
3368 2913 3469 2972 per
3488 2898 3663 2957 diffe-

2062 2988 2300 3046 rentiam
2320 2987 2665 3044 individuum
2686 2985 2923 3059 speciem
2934 2988 3166 3043 excedit.
3209 2988 3271 3043 E.
3286 2992 3370 3044 est
3387 2988 3525 3043 talis
3550 2990 3665 3046 dif-

2065 3076 2315 3134 ferentia.
2360 3076 2523 3149 Resp.
2554 3080 2619 3133 ut
2646 3076 2818 3148 prius.
2865 3076 3401 3133 VILBassolius:
3428 3074 3665 3134 Natura

2064 3165 2312 3240 specifiea
2342 3165 2511 3222 babet
2540 3180 2639 3237 per
2670 3182 2731 3220 se
2750 3164 3023 3221 unitatem
3048 3164 3321 3223 utiliorem
3350 3168 3659 3241 numerali,

2074 3260 2131 3312 et
2156 3254 2325 3309 aliam
2352 3254 2426 3310 ab
2446 3252 2779 3309 earealiter:
2811 3254 2876 3309 Ε.
2896 3281 2971 3296 --·
3010 3254 3203 3327 Resp.:
3232 3252 3661 3327 neg-Antenori.

2064 3344 2151 3399 De
2180 3342 2510 3415 probatione
2546 3342 2712 3397 intra.
2778 3342 3181 3415 Argumentum
3214 3343 3307 3399 111.
3352 3344 3663 3416 praecipuo

2066 3431 2229 3488 torsit
2270 3431 2710 3505 Suessanum,
2758 3430 3051 3487 Dilucid.
3096 3432 3133 3487 l.
3174 3432 3251 3507 5.,
3298 3432 3665 3489 Zimaram

2064 3526 2123 3577 et
2140 3518 2670 3593 Mercenarium,
2712 3520 2863 3593 apud
2890 3534 3055 3592 quem
3081 3520 3465 3577 videLee5.
3516 3522 3665 3579 Nul-

2066 3610 2151 3665 lus
2196 3613 2384 3665 tamen
2426 3610 2489 3665 in
2530 3608 2669 3665 hanc
2712 3612 2955 3667 mentem
2996 3609 3297 3685 respondit,
3344 3609 3479 3682 quia
3528 3612 3668 3667 aliis

2068 3697 2438 3755 fundamentis
2467 3696 2799 3755 nitebantur.

2150 3786 2203 3855 §-
2230 3787 2331 3843 22.
2395 3788 2766 3859 Argumentor
2790 3792 2983 3843 contra
3012 3789 3264 3844 Scotum:
3308 3787 3351 3843 Ι.
3384 3786 3449 3843 Si
3478 3806 3669 3860 geu-

2064 3880 2123 3931 et
2150 3875 2459 3931 differentia
2482 3879 2699 3933 tantmn
2718 3876 2936 3932 ratione
2953 3876 3377 3950 distinguuntur,
3412 3892 3543 3932 non
3566 3880 3670 3934 da·

2067 3968 2155 4019 tur
2176 3964 2485 4021 differentia
2504 3964 2873 4022 individualis.
2928 3966 3035 4021 Sed
3052 3980 3245 4023 vemm
3268 3966 3453 4039 prius:
3482 3968 3563 4022 E.
3584 3996 3659 4007 —

2066 4050 2249 4122 Major
2290 4056 2472 4126 patet3
2516 4068 2649 4109 nam
2690 4054 2859 4111 etiam
2886 4055 3093 4126 species
3118 4058 3177 4111 et
3208 4054 3532 4111 differentia
3562 4072 3669 4111 nu-

2068 4142 2268 4198 merica
2308 4143 2491 4198 solum
2533 4142 2751 4198 ratione
2794 4142 3209 4215 distinguentur.
3288 4143 3481 4199 Minor
3530 4162 3669 4217 pro-

2068 4230 2257 4285 batur:
2311 4231 2363 4285 l.
2387 4232 2543 4295 Quae
2562 4234 2691 4287 ante
2721 4231 3100 4303 operationem
3128 4232 3331 4288 mentis
3360 4231 3667 4307 differunt,

2071 4318 2400 4391 separabilia
2442 4322 2586 4375 sunt.
2678 4320 2786 4375 Sed
2828 4336 2999 4391 genus
3042 4324 3101 4376 et
3140 4318 3495 4377 differentiae
3544 4340 3669 4379 non

2068 4411 2297 4479 possunt
2338 4407 2596 4481 separari.
2664 4408 2929 4472 Quamvis
2970 4408 3120 4464 enim
3162 4406 3275 4464 'sint
3316 4410 3439 4465 loea
3487 4428 3669 4482 quae-

2067 4496 2198 4551 dam
2241 4496 2417 4570 Scoti,
2464 4494 2661 4567 quibus
2704 4501 2941 4571 asserat,
2986 4512 3149 4569 posse
3192 4498 3425 4553 sortasse
3468 4499 3671 4557 Deum

2068 4586 2260 4658 faeere,
2308 4588 2373 4640 ut
2414 4584 2747 4641 universalia
2776 4584 2891 4641 sint
2930 4590 3093 4642 extra
3122 4585 3438 4659 singularia,
3490 4592 3561 4643 ot
3594 4590 3675 4644 si-

2066 4672 2270 4729 militer
2311 4688 2481 4744 genus
2522 4678 2683 4729 extra
2712 4674 2966 4749 speciem,
3012 4679 3203 4730 tamen
3243 4674 3303 4730 id
3344 4676 3671 4733 absin-dum

2064 4762 2259 4835 probo,
2304 4762 2437 4834 quia
2480 4761 2634 4817 nulla
2676 4762 2901 4819 daretur
2930 4764 3135 4820 divisio
3164 4764 3515 4836 adaequatae
3570 4767 3673 4823 da-

2064 4854 2213 4907 retur
2254 4850 2462 4906 animal
2504 4864 2605 4905 nec
2644 4851 2945 4926 rau'onale,
3000 4868 3103 4909 nec
3142 4852 3485 4910 irrationale.
3596 4856 3677 4911 Et

2063 4940 2285 4995 daretur
2306 4940 2481 4995 motio
2503 4954 2681 5011 neque
2700 4940 2923 5015 directa,
2948 4956 3125 5013 neque
3144 4942 3392 5014 obliqua.
3440 4942 3511 5001 2.
3543 4946 3675 5001 Dis-

2062 5027 2323 5084 terentiae
2366 5029 2670 5101 superiores
2713 5030 3096 5102 praedicantur
3148 5032 3219 5088 de
3272 5030 3671 5091 inferioribus.

2060 5132 2113 5171 v.
2155 5134 2204 5189 g.
2250 5117 2381 5174 haec
2421 5118 2765 5174 rationalitas
2808 5122 2895 5176 oet
2932 5120 3293 5177 rationalitas.
3376 5122 3442 5179 E.
3494 5122 3673 5179 diffie

2060 5205 2239 5263 rentia
2280 5206 3669 5285 qmffioemaditinsediflemntiamgenoeis.
