3717 5850
1320 335 2116 396 PRAEFATIO.
2882 285 2907 354 l
3249 335 3361 400 xv

251 466 494 538 XXV.
539 467 818 536 Lettre
861 468 899 536 ὲ
941 465 1056 536 Μι·.
1087 468 1466 566 ἱΑιΊιειιιΙᾶ.
1523 468 1860 564 ΜΒΟΧΟ.
1908 508 1995 520 --
2040 469 2225 538 Hanc
2268 468 2597 565 epistolam
2638 470 2901 539 maximi
2942 492 3175 542 censeo
3216 493 3359 540 mo-

75 587 280 654 menti
323 607 496 669 esse,
541 587 774 676 quippe
801 585 866 652 in
897 606 1024 676 qua
1052 594 1184 650 tam
1213 593 1506 652 accurate
1549 584 2051 677 metaphysicam
2078 609 2264 652 suam
2292 585 2659 678 exposuerit
2689 585 3057 670 Leibnitius,
3100 597 3166 656 et
3195 595 3362 677 quae

75 723 226 768 curn
289 699 436 768 aliis
489 699 572 766 ad
615 700 887 768 eundem
933 697 1279 767 Arnaldum
1333 699 1610 792 epistolis
1669 699 2131 794 philosophiam
2186 704 2325 793 ejus
2378 702 2656 793 primum
2695 702 2763 770 in
2806 704 3093 772 notitiam
3134 701 3359 770 docto-

77 840 222 884 rum
268 815 626 906 protulerit.
715 816 930 901 Quare
973 814 1182 898 doleo,
1235 816 1408 906 quod
1451 839 1728 908 quonam
1772 827 2060 906 tempore
2107 819 2383 906 primum
2425 819 2594 908 typis
2636 839 2938 908 expressa
2982 820 3065 884 sit
3106 816 3363 886 delinire

77 955 216 1000 non
258 954 553 1022 possum.
620 930 992 1015 Dutensius,
1037 934 1146 1022 qui
1186 934 1400 1025 ipsum
1443 932 1909 1024 autographum
1954 930 2245 999 Leibnitii
2288 931 2367 999 ab
2401 923 2794 1000 Hei-issantio
2834 943 3183 1024 acceperat,
3222 931 3361 1002 Lu-

79 1048 312 1116 dovicii
367 1049 801 1116 narrationem
853 1058 1111 1116 secutus
1123 1098 1142 1130 ,
1216 1071 1359 1114 eam
1407 1051 1550 1142 jam·
1594 1050 1971 1139 impressam
2025 1048 2175 1116 dicit
2224 1050 2290 1116 in
2344 1047 2581 1115 Diariis
2646 1045 2980 1115 doctorum
3038 1045 3363 1118 Gallorum

79 1163 378 1248 (Journal
421 1163 542 1231 des
585 1163 866 1250 Savans)
921 1165 1067 1231 anni
1121 1162 1595 1231 MDCCXXX.
1687 1162 1756 1232 In
1797 1162 1897 1230 his
1940 1174 2158 1231 tamen
2200 1166 2431 1231 frustra
2476 1185 2618 1232 eam
2664 1185 2952 1254 quaere&
3024 1160 3363 1252 Reperitur

80 1277 346 1368 quidem
389 1279 458 1345 in
505 1278 640 1346 aliis
683 1281 1006 1347 memoriis
1049 1278 1286 1370 gallicis
1329 1277 1490 1346 haec
1519 1278 1803 1368 epistola,
1849 1303 2015 1370 quae
2042 1280 2493 1348 inscribuntur:
2548 1277 3038 1347 -Continuation
3081 1277 3193 1344 des
3220 1279 3361 1346 me·-

81 1395 320 1460 moires
369 1390 452 1458 de
493 1392 814 1462 literature
857 1404 922 1461 et
964 1393 1279 1462 d'histoire
1324 1394 1510 1461 Tom.
1557 1393 1714 1463 Vm.
1757 1393 1970 1463 Partie
2015 1395 2059 1462 1.
2103 1395 2283 1463 Paris
2330 1397 2503 1465 1729
2546 1416 2610 1484 p.
2653 1397 2803 1463 211.
2848 1417 3021 1485 seq.-
3072 1391 3186 1462 se'd
3227 1416 3357 1462 non

83 1508 330 1591 dubito,
381 1511 533 1599 quin
572 1512 706 1602 jam
751 1520 936 1578 antea
977 1508 1138 1576 haec
1181 1507 1444 1600 epistola
1488 1507 1656 1576 edita
1699 1512 1901 1577 fuerit.
1968 1510 2077 1578 Illa
2122 1510 2379 1601 quidem
2422 1508 2637 1592 verba,
2682 1533 2845 1600 quae
2885 1512 2951 1576 in
2978 1509 3173 1576 literis
3200 1507 3359 1600 legi-

86 1647 220 1692 mus
269 1623 337 1690 d.
385 1623 448 1690 d.
489 1625 580 1710 ἦ
626 1624 766 1692 Oct.
811 1648 865 1692 a.
913 1627 1104 1694 1695.
1193 1621 1686 1715 Magliabecchio
1739 1626 1979 1692 missis:
2076 1623 2355 1691 -Curavi
2394 1623 2697 1692 nonnulla
2742 1624 2935 1694 diario
2980 1622 3220 1692 Gallico
3260 1626 3363 1692 in-

94 1741 268 1821 »εει-ἰ,
315 1763 492 1830 quae
533 1738 688 1806 mihi
731 1738 880 1806 olim
925 1738 1004 1807 de
1049 1738 1268 1806 altiore
1313 1738 1585 1830 quadam
1629 1737 2027 1831 philosophia
2068 1763 2220 1807 cum
2263 1740 2537 1808 Antonio
2584 1739 2877 1823 Amaldo,
2925 1737 3255 1832 Theologo
3298 1750 3365 1808 et

91 1853 524 1944 -Philosopho
567 1856 794 1946 insigni
836 1857 1011 1924 fuere
1057 1857 1308 1947 agitata.
1353 1895 1442 1906 —-
1483 1853 1663 1922 Haec
1709 1853 1813 1922 diu
1858 1875 2079 1947 pressa
2122 1877 2503 1946 magnorum
2544 1855 2611 1922 in
2652 1857 2791 1946 ipsa
2836 1853 3040 1922 Gallia
3080 1856 3365 1923 virorum

93 1969 592 2038 -hortationibus
633 1969 942 2063 impulsus
987 1969 1374 2038 dissimulato
1416 1969 1565 2037 licet
1605 1972 1863 2038 nomine
1906 1968 2163 2038 tandem
2208 1968 2473 2062 publicis
2508 1967 2757 2061 judiciis
2800 1967 3101 2036 submisi·
3151 2009 3241 2020 —
3284 1968 3365 2039 dc

83 2087 198 2154 hac
241 2084 522 2179 epistola
559 2109 688 2154 non
733 2096 880 2154 sunt
919 2085 1338 2178 intelligenda,
1382 2085 1494 2154 sed
1539 2085 1618 2154 de
1667 2107 1873 2153 -uovo
1919 2088 2054 2177 ejus
2098 2093 2499 2176 systemate,-
2550 2082 2725 2175 quod
2756 2086 2825 2154 in
2853 2083 3125 2152 editione
3148 2093 3367 2154 nostra

81 2200 296 2268 locum
339 2199 448 2268 Ni.
489 2199 786 2270 XXXVI
839 2210 1028 2269 tenet.
1119 2201 1438 2270 Gravioris
1497 2211 1646 2269 sunt
1696 2201 2034 2283 momenti,
2092 2224 2257 2291 quae
2308 2203 2374 2268 in
2420 2198 2683 2292 epistola
2738 2199 3014 2292 quadam
3070 2198 3151 2266 ad
3194 2197 3365 2268 Bur-

79 2327 310 2385 netum
353 2315 502 2384 data
547 2319 658 2406 (1⁸3
700 2315 848 2408 Maji
907 2319 1100 2402 1697)
1145 2315 1444 2407 legimus,
1502 2316 1730 2407 quibus
1781 2313 1955 2382 illam
2010 2314 2093 2384 ad
2135 2315 2485 2384 Arnaldum
2530 2313 2859 2408 epistolam
2904 2323 3015 2382 aut
3060 2318 3197 2406 jam
3238 2317 3363 2384 im-

80 2453 372 2520 proesam
415 2440 532 2498 aut
571 2430 796 2500 saltem
839 2430 1118 2524 pluribus
1162 2431 1364 2500 doctis
1407 2431 1556 2498 viris
1597 2440 1818 2498 notam
1859 2433 2055 2498 fuisse
2096 2441 2287 2524 patet.
2317 2471 2406 2482 --
2450 2430 2711 2499 Praeter
2754 2451 2947 2520 quam
2990 2429 3204 2523 plures
3248 2454 3361 2499 ex-

81 2550 280 2614 titisse
321 2545 614 2614 Leibnitii
669 2545 750 2614 ad
793 2546 1136 2614 Arnaldum
1181 2545 1510 2638 epistolas,
1569 2568 1805 2636 easque
1847 2568 1977 2616 non
2020 2545 2514 2615 contemnendas
2570 2571 2609 2614 e
2650 2545 2843 2614 literis
2896 2555 3073 2636 patet
3126 2546 3207 2615 ad
3248 2545 3363 2615 Bi-
3474 2623 3477 2628 ,

81 2665 388 2753 gnonium
447 2685 613 2730 anno
667 2661 1061 2730 MDCCVffl
1113 2662 1346 2744 missis,
1403 2683 1562 2752 quas
1615 2659 1694 2728 cl.
1734 2659 1786 2728 F
1790 2660 2015 2728 ederus
2070 2663 2163 2729 in:
2221 2660 2607 2730 Commercii
2647 2659 2953 2752 epistolici
2992 2659 3365 2730 Leibnitiani

85 2781 246 2869 typis
287 2775 578 2844 nondum
621 2777 859 2869 vulgati
901 2777 1164 2845 Selectis
1208 2776 1670 2868 speciminibus,
1709 2775 1957 2844 Hanov.
1990 2779 2167 2846 1805
2210 2800 2269 2869 p.
2300 2777 2693 2860 275-278,
2738 2775 3033 2868 vulgavit.
3106 2775 3177 2844 In
3220 2779 3362 2868 qui·-

89 2892 198 2959 bus
242 2892 408 2961 haec
449 2891 747 2985 leguntur
773 2891 1060 2961 Leibnitii
1100 2891 1322 2960 verba:
1408 2893 1567 2959 »J‘ai
1609 2914 1688 2960 eu
1735 2902 1917 2959 autre
1956 2894 2075 2960 fois
2118 2916 2207 2961 un
2250 2914 2613 2961 commerce
2656 2889 2737 2961 de
2779 2889 2997 2960 lettres
3040 2915 3201 2960 avec
3238 2889 3360 2959 l’il-

97 3008 332 3076 ·lustre
372 3008 492 3075 Mr.
534 3010 790 3077 Arnaud
844 3033 954 3077 sur
995 3012 1264 3075 certains
1305 3010 1513 3100 points
1569 3007 1648 3074 de
1693 3006 2084 3099 philosophie
2144 3018 2207 3075 et
2250 3009 2331 3077 de
2373 3000 2691 3100 theologie
2734 3006 3067 3088 natm-elle,
3128 3030 3253 3097 que
3292 3010 3359 3099 je

95 3128 264 3190 -suis
321 3122 466 3217 pret
519 3126 561 3191 a
605 3127 811 3193 revoir
856 3134 918 3192 et
971 3125 1011 3191 ὲ
1053 3132 1280 3192 mettre
1337 3146 1416 3190 en
1459 3121 1643 3190 ordre
1701 3122 1741 3190 a
1785 3119 1844 3189 la
1888 3124 2095 3214 priere
2148 3122 2228 3190 de
2272 3122 2581 3213 quelques
2636 3126 2855 3191 anns.-
2950 3120 3139 3208 Quod
3180 3144 3361 3189 com-

91 3242 400 3305 mercium
443 3240 856 3335 ‘epistolicum
911 3238 1110 3306 editor
1167 3236 1577 3330 epistolarum
1634 3234 1894 3305 Amaldi
1948 3239 2015 3303 in
2070 3235 2361 3306 manibus
2416 3262 2487 3307 se
2539 3237 2836 3307 habuisse
2889 3239 3029 3330 ipse
3080 3246 3361 3307 testatur.

89 3354 180 3421 lta
237 3356 405 3421 enim
463 3353 616 3421 dicit
717 3353 854 3421 »En
921 3353 1264 3421 cherchant
1327 3353 1439 3420 des
1495 3352 1875 3421 Manuscrits
1946 3353 2025 3421 de
2092 3352 2175 3419 M.
2246 3352 2557 3437 Arnauld,
2644 3352 2691 3419 il
2758 3376 2923 3423 nous
2986 3362 3087 3421 est
3146 3352 3364 3421 tombe

99 3480 307 3536 »entre
347 3468 444 3537 les
487 3472 694 3537 mains
735 3494 824 3536 un
869 3472 1102 3536 certain
1147 3470 1411 3537 nombre
1457 3469 1535 3537 de
1581 3468 1790 3536 lettres
1837 3468 2170 3561 originales
2214 3468 2302 3536 du
2347 3467 2609 3537 celebre
2650 3466 2937 3539 Leibnitz
2980 3470 3021 3537 a
3062 3491 3141 3539 ce
3181 3469 3363 3537 Doc-

99 3595 374 3667 -teur,...
391 3635 406 3650 .
497 3584 600 3651 On
643 3585 778 3651 voit
827 3608 943 3675 par
993 3606 1102 3651 ces
1145 3584 1362 3653 lettres
1423 3608 1548 3676 que
1590 3584 1874 3652 Leibnitz
1932 3608 1971 3652 a
2015 3587 2117 3652 ete
2174 3608 2255 3652 en
2300 3584 2838 3677 correspondance
2894 3608 3052 3653 avec
3094 3582 3181 3651 M.
3226 3585 3362 3653 Ar-

97 3699 372 3767 ·nauld
415 3700 689 3791 pendant
729 3698 868 3767 huit
909 3722 996 3767 ou
1038 3702 1196 3767 neus
1233 3723 1346 3766 ans
1392 3699 1612 3790 depuis
1659 3699 1831 3768 1683
1884 3703 2177 3790 jusqu'en
2223 3703 2430 3781 16913
2474 3738 2562 3751 —-
2620 3699 2746 3767 Les
2790 3699 3003 3767 lettres
3048 3699 3129 3767 de
3172 3698 3361 3767 Leib-

97 3816 254 3881 ·nitz
295 3813 452 3883 dont
493 3814 538 3882 il
577 3816 762 3907 s’agit
799 3821 976 3883 n'ont
1010 3817 1236 3907 jamnis
1281 3817 1383 3881 ete
1422 3816 1804 3904 imprimees.
1880 3814 2048 3881 Elles
2091 3813 2339 3881 roulent
2381 3838 2491 3882 sur
2532 3813 2625 3882 les
2670 3814 2965 3882 differens
3010 3814 3210 3905 objets
3254 3815 3362 3904 qui

99 3940 244 3997 -ont
283 3933 568 4023 toujours
613 3931 857 4021 occupe
902 3950 978 3997 ce
1017 3928 1408 4021 philosophe.
1495 3928 1847 3997 PlusieurS.
1985 3938 2230 3996 entrent
2274 3926 2429 3995 dans
2473 3927 2535 3995 la
2580 3927 2723 4019 plus
2766 3927 3005 4021 grande
3050 3927 3363 3997 discution

103 4068 238 4112 »sur
286 4046 400 4113 des
457 4047 782 4137 questions
839 4045 920 4111 de
961 4044 1440 4136 Metaphysique
1495 4043 1955 4111 extremement
2012 4042 2266 4111 subtiles
2334 4052 2399 4111 et
2450 4042 2743 4111 relatives
2802 4067 2885 4110 au
2942 4042 3223 4135 systeme
3278 4042 3363 4111 de

105 4157 410 4229 »Leibnitz
468 4184 578 4227 sur
617 4157 714 4225 les
756 4156 1076 4226 Monades.
1165 4158 1350 4228 Nous
1403 4183 1488 4228 ne
1543 4160 1957 4243 connoissons
2014 4180 2223 4225 aucun
2266 4182 2549 4251 ouvrage
2594 4158 2673 4226 de
2716 4157 2999 4227 Leibnitz
3057 4160 3142 4226 ou
3180 4157 3227 4225 il
3276 4160 3363 4225 ait

105 4278 306 4342 »truite
363 4298 472 4342 ces
515 4278 840 4367 questions
897 4296 1052 4342 avec
1109 4287 1329 4343 autant
1381 4275 1463 4341 de
1515 4273 1953 4366 profundens·
2044 4272 2242 4341 Dedit
2284 4273 2539 4364 quidem
2596 4273 2798 4342 editor
2850 4274 2954 4341 ille
3010 4276 3361 4366 fragmenta

99 4390 396 4480 quaedam
441 4414 522 4458 ex
568 4391 846 4483 epistolis
888 4389 1290 4459 Leibnitianis
1335 4396 1418 4483 (p.
1450 4388 1866 4475 186-203),
1912 4388 2021 4457 sed
2068 4388 2389 4480 quodnam
2430 4390 2497 4455 in
2542 4376 2935 4481 excerpendo
2980 4400 3238 4456 secutus
3282 4391 3363 4456 sit
3433 4402 3436 4405 “

99 4505 444 4590 eonsilium,
485 4509 628 4599 ipsa
671 4509 808 4598 ejus
849 4506 1041 4574 verba
1083 4505 1302 4574 lectori
1342 4505 1650 4575 benevolo
1693 4504 1995 4572 indicent:
2091 4502 2194 4570 -N
2196 4526 2313 4571 ous
2358 4502 2793 4571 n’hesiterions
2836 4528 2951 4597 pas
2997 4503 3077 4571 de
3120 4502 3363 4571 donner

104 4632 338 4689 ·toutes
380 4644 492 4690 ces
535 4622 753 4691 lettres
797 4646 879 4689 au
922 4618 1165 4705 Public,
1211 4624 1268 4689 si
1307 4646 1472 4691 nous
1517 4622 1738 4689 avions
1781 4644 1871 4712 pu
1916 4643 1995 4687 en
2039 4616 2253 4687 meme
2298 4629 2463 4685 tems
2505 4617 2593 4686 lui
2638 4619 2878 4688 donner
2918 4617 3011 4685 les
3056 4622 3361 4710 reponses

107 4736 208 4805 -de
227 4738 315 4805 M.
335 4736 640 4806 Arnauld.
707 4736 866 4805 Mais
910 4736 1194 4807 celles-ci
1235 4759 1400 4807 nous
1427 4746 1792 4829 manquent.
1857 4736 2047 4805 Nous
2076 4758 2349 4825 croyons
2392 4734 2612 4803 devoir
2652 4734 2870 4803 laisser
2914 4756 3042 4802 aux
3086 4734 3359 4803 editeurs

261 5106 328 5184 ⁶)
368 5110 595 5169 Lettres
639 5108 710 5166 de
741 5106 980 5169 Messire
1010 5110 1254 5169 Antoine
1293 5110 1557 5188 Arnanld‚
1588 5110 1815 5170 docteur
1844 5111 1916 5170 de
1948 5112 2003 5170 la
2036 5110 2250 5169 maison
2282 5114 2341 5168 et
2372 5104 2575 5167 societ&
2606 5107 2678 5165 de
2706 5106 3011 5181 Sorbonne,
3050 5102 3086 5161 a
3114 5101 3273 5161 Paris
3300 5106 3361 5161 et

114 5230 166 5270 se
199 5217 331 5275 vend
370 5215 410 5275 ὲ
453 5217 752 5276 lausanna
789 5216 917 5275 chez
957 5216 1268 5292 Sigismond
1312 5218 1560 5291 d'Arnay
1597 5224 1655 5277 et
1697 5220 1893 5294 Gotnp.
1942 5217 2130 5275 1776.
2181 5222 2239 5277 4.
2284 5218 2446 5276 Tem.
2492 5215 2589 5274 lv.
2634 5232 2690 5291 p.
2744 5214 2888 5272 185.
