3717 5850
370 322 459 391 88
1192 332 1346 391 XIV.
1388 331 1727 391 SYNOPSIS
1752 330 1976 390 LIBRI:
2017 329 2355 393 scmN'riA
2381 328 2806 391 GENERAHS.

372 480 533 552 cepta
569 473 939 548 elementaria,
990 490 1063 531 ex
1104 474 1305 548 quibus
1350 478 1561 531 certum
1600 474 1678 533 sit
1724 490 1951 531 arcanas

340 619 345 623 .
372 565 587 639 regulas
622 580 737 621 non
776 579 948 636 usque
986 562 1127 619 adeo
1164 563 1451 621 difficulter
1487 562 1736 621 invenire
1773 578 1950 637 posse.
1983 583 1988 595 ·

372 645 535 721 'Quod
572 668 699 709 cum
739 653 799 707 in
838 652 1187 725 sequentibus
1226 652 1713 709 demonstraverim
1752 654 1810 707 et
1846 666 1953 727 ope

372 744 616 799 solorum
641 742 926 797 initiorum
952 742 1253 816 specimina
1278 740 1559 813 ediderim,
1593 754 1736 812 quae
1761 740 1952 797 huma-

372 848 505 887 nam
530 829 903 903 cognitionem
932 829 995 886 in
1022 830 1185 887 rebus
1212 829 1569 887 Geometricis
1594 832 1653 885 et
1680 828 1953 884 mechani-

370 920 450 975 cis
478 920 539 975 in
566 919 897 975 immensum
922 918 1225 993 provehant
1250 920 1396 975 ultra
1423 935 1490 974 ea
1526 932 1669 990 quae
1695 916 1954 973 hactenus

372 1010 524 1065 fuere
559 1008 623 1064 in
663 1012 961 1083 potestate,
1009 1007 1233 1083 physica
1268 1012 1453 1064 autem
1492 1021 1646 1080 vera,
1685 993 1954 1063 consensu

2050 474 2369 549 peritorum,
2399 474 2532 531 solis
2561 470 2932 531 Geometricis
2967 476 3026 529 et
3051 473 3372 533 meclmnicis
3395 479 3592 539 rationi·

2050 564 2154 620 bus
2179 563 2542 636 contineatur,
2570 579 2686 619 non
2713 566 2852 637 puto
2891 578 2982 619 me
3009 566 3212 619 temere
3249 578 3432 621 omnes
3467 570 3595 627 viros

2049 668 2234 709 rerum
2275 650 2638 724 intelligentes
2673 651 2954 725 appellare
2989 666 3166 725 posse,
3207 656 3271 707 ut
3307 652 3366 709 in
3389 657 3595 717 eandem

2050 756 2240 797 curam
2267 754 2480 795 mecmn
2505 740 2836 813 conspirent,
2865 755 2976 812 quo
3005 754 3176 811 genus
3192 740 3478 800 humanum
3495 750 3596 803 tan-

2051 832 2143 885 tae
2171 828 2463 902 felicitatis,
2493 828 2690 885 saltem
2727 844 2802 884 ex
2837 826 3044 901 insigni
3083 832 3254 904 parte,
3283 830 3414 905 ipsis
3437 836 3596 907 potius

2051 917 2194 973 vivis
2219 932 2389 991 quam
2413 916 2689 991 acutis,
2717 932 2944 991 compos
2970 917 3083 973 fiat.

1599 1290 1662 1297 --·-
1685 1292 1869 1299 -——--....
1880 1292 2420 1301 -..m

1887 1552 2136 1647 XIV.

994 1798 999 1803 ,
1123 1732 1598 1811 sYNoPsis
1646 1732 1957 1825 Liniu,
2003 1732 2176 1806 cm
2211 1730 2570 1805 TITULs
2611 1732 2886 1808 Em'r:
2957 1726 2967 1739 ·

894 1902 1610 2027 SCIENTIA
1695 1900 2136 2023 NOVA
2229 1900 3110 2023 GENERALIS

525 2120 670 2176 PRO
699 2117 1298 2177 INSTAURATIONE
1333 2116 1430 2173 ET
1456 2116 1888 2193 AUGMENTIS
1916 2114 2417 2175 SCIENTIARUM
2444 2115 2552 2171 AD
2578 2114 2952 2171 PUBLICAM
2977 2114 3476 2175 chrrATEM.

712 2360 785 2426 (n
822 2366 1021 2413 schedis
1054 2364 1487 2413 Lelbnitianls
1523 2366 1739 2428 ineditis,
1786 2376 1918 2422 quae
1952 2364 2004 2411 ln
2039 2362 2350 2410 Bibliotheca
2383 2362 2546 2419 Regia
2579 2364 2916 2410 nuoverana
2949 2356 3306 2420 reperiuntur.)

468 2596 522 2650 1.
548 2594 815 2651 Rationes
840 2610 981 2667 quae
1008 2600 1257 2650 autorem
1284 2592 1358 2649 ad
1394 2594 1743 2651 scribendum
1780 2592 1958 2666 impu-

374 2685 573 2757 lerunt,
628 2684 723 2740 ubi
773 2687 859 2755 et,
887 2698 984 2740 cur
1024 2698 1225 2739 nomen
1265 2682 1642 2739 dissimulavit.
1729 2682 1959 2754 Magno·

370 2788 501 2829 rum
528 2772 871 2857 principium
908 2770 1255 2867 tamiliaritas
1302 2770 1379 2828 ob
1418 2770 1777 2845 cogitationes
1828 2786 1960 2826 con-

374 2862 581 2919 cordes.
672 2873 677 2877 ·

466 2952 524 3006 2.
552 2949 799 3005 Historia
825 2947 1079 3004 litera-ia.

464 3039 523 3094 3.
555 3039 645 3094 Da
670 3041 818 3094 statu
846 3036 1116 3112 praesenti
1137 3035 1475 3111 eruditionis,
1504 3039 1603 3094 seu
1628 3035 1960 3110 reipublicae

375 3125 667 3184 literar-iae.

468 3218 525 3272 4.
556 3217 640 3272 De
666 3213 845 3286 malis,
874 3211 1075 3284 quibus
1103 3211 1341 3268 hominis
1372 3213 1629 3272 laborant
1654 3227 1753 3268 sua
1780 3211 1958 3285 culpa.

343 3365 349 3372 ,
376 3305 465 3360 De
500 3303 586 3360 liis
614 3319 755 3376 quae
793 3300 1001 3357 utiliter
1040 3301 1265 3357 inventa
1290 3305 1421 3357 sunt
1448 3302 1522 3357 ad
1558 3302 1731 3356 vitani
1768 3301 1959 3356 huma·

377 3389 944 3448 mmsublevandam.
1730 3427 1735 3431 .

469 3482 527 3536 5.
556 3481 640 3536 De
666 3478 1007 3553 procuranda
1032 3477 1319 3533 hominum
1346 3477 1619 3534 felicitate.

468 3571 527 3624 6.
556 3569 642 3624 De
668 3567 972 3623 scholarum
1002 3565 1385 3623 emendatione
1412 3571 1473 3622 et
1508 3565 1722 3624 ratione
1750 3564 1959 3622 studio·

378 3673 519 3732 rum,
548 3656 647 3713 ubi
674 3660 732 3712 et
759 3657 828 3712 de
855 3655 1016 3713 ludis·

471 3747 527 3801 7.
566 3747 652 3802 De
689 3744 1038 3800 scientiarum
1076 3741 1498 3814 instauratione,
1538 3741 1637 3798 ubi
1676 3741 1745 3798 de
1786 3745 1961 3811 syste-

378 3835 619 3892 nutibus
646 3838 703 3890 et
732 3832 1083 3907 Repertoriis,
1105 3836 1164 3888 et
1192 3832 1261 3888 de
1282 3831 1715 3904 Encyclopaedia
1735 3831 1960 3886 demon-

378 3924 607 3982 strativa
632 3924 931 3980 condenda.
1021 3922 1107 3977 De
1146 3920 1348 3993 linguis
1384 3925 1443 3975 et
1470 3919 1845 3976 Grammatica-
1873 3935 1961 3974 ra·

378 4012 593 4068 tionali.

472 4101 529 4156 8.
559 4099 843 4154 Elementa
890 4095 1138 4152 veritatis
1177 4099 1458 4167 aeternae,
1498 4100 1555 4150 et
1595 4095 1663 4151 de
1702 4098 1831 4150 aste
1870 4095 1962 4152 de·

380 4185 721 4244 monstrandi
748 4186 809 4241 in
838 4183 1094 4241 omnibus
1122 4183 1423 4256 disciplinis
1450 4182 1595 4239 utin
1615 4183 1870 4241 Mathesi.

470 4277 527 4332 9.
558 4275 643 4331 Dc
681 4289 827 4329 novo
864 4273 1107 4344 quodam
1144 4271 1353 4327 calculo
1382 4271 1620 4342 generali
1662 4270 1817 4340 cnjus
1856 4289 1963 4346 ope

379 4365 645 4422 tollantur
671 4377 863 4418 omnes
890 4359 1285 4432 disputatioms
1300 4359 1445 4416 inter
1463 4375 1558 4415 eos
1577 4359 1675 4434 qui
1692 4359 1755 4416 in
1780 4361 1964 4434 ipsum

378 4451 767 4523 consenserint,
796 4453 857 4506 et
882 4447 1127 4505 Cabbala
1156 4447 1479 4521 sapientum.

476 4543 573 4598 10.
602 4541 688 4596 De
716 4542 835 4594 arte
861 4537 1193 4596 inveniendi.
1726 4583 1729 4588 .

477 4631 504 4686 1
522 4631 574 4685 1.
602 4629 688 4684 De
712 4627 967 4698 Synthaei
996 4643 1093 4682 seu
1121 4629 1243 4682 arte
1268 4623 1683 4682 combinatoria.

476 4718 575 4775 12.
604 4719 689 4774 De
716 4715 966 4786 Analysi.
1888 4749 1891 4752 -

476 4809 505 4863 1
518 4809 574 4862 3.
604 4809 691 4864 Dc
724 4803 1135 4862 combinatione
1169 4801 1411 4876 speciali,
1453 4818 1551 4859 seu
1586 4802 1817 4860 scientia
1855 4806 1964 4862 for·

382 4913 615 4970 mai-mn,
646 4895 763 4952 sive
790 4893 1117 4967 qualitatum
1146 4891 1204 4946 in
1234 4908 1430 4964 genere
1456 4893 1573 4948 sive
1600 4892 1669 4948 de
1708 4892 1880 4949 simili
1907 4897 1965 4950 et

382 4985 653 5044 dissimili.
740 4984 827 5039 De
853 4979 1309 5038 characteristieis.

480 5061 577 5130 14.
614 5075 701 5130 De
736 5070 973 5142 Analysi
1013 5069 1237 5144 speciali
1280 5085 1376 5125 seu
1416 5067 1643 5126 scientia
1690 5070 1965 5144 quantita·

384 5159 1059 5236 tumingcncre,seude
1089 5161 1589 5232 magnoetparvo.

2092 2489 2226 2497 ——-—-

2153 2591 2180 2645 1
2195 2590 2252 2647 5.
2284 2590 2370 2645 De
2397 2587 2634 2648 Mathesi
2664 2590 2930 2713 generali.
2933 2606 3006 2647 ex
3035 2590 3250 2649 duabus
3277 2592 3611 2668 praecedenti·

2057 2679 2160 2736 bus
2187 2677 2510 2751 composita.

2153 2769 2180 2823 1
2193 2769 2251 2823 6.
2281 2766 2366 2822 Dc
2392 2765 2772 2831 Arithmetica.

2153 2856 2182 2910 1
2196 2856 2250 2911 7.
2289 2856 2375 2911 De
2405 2854 2664 2928 Algebra.

2155 2946 2182 3000 1
2197 2945 2252 3000 8.
2281 2943 2366 3000 De
2393 2944 2725 3000 Geometria.

2155 3034 2182 3088 1
2195 3035 2252 3089 9.
2274 3033 2360 3088 De
2386 3033 2586 3106 optica.

2151 3121 2252 3177 20.
2281 3123 2368 3177 De
2394 3121 2792 3194 phorograpliia
2818 3120 3006 3191 (cuius
3031 3121 3241 3196 species
3279 3121 3615 3194 Tomatoiia)

2058 3225 2156 3267 seu
2184 3211 2254 3268 de
2281 3213 2532 3266 motuum
2561 3209 2816 3280 vestigiis.

2150 3298 2252 3354 21.
2283 3297 2590 3370 Dynamica.
2635 3314 2733 3354 seu
2781 3297 2850 3353 tle
2887 3301 3140 3354 motuum
3187 3305 3374 3375 caum,
3411 3302 3520 3358 sive
3563 3301 3620 3357 de

2059 3403 2225 3444 causa
2253 3393 2308 3444 et
2333 3389 2550 3458 ellectu,
2579 3401 2646 3442 ac
2673 3386 2921 3458 potentia
2948 3391 3006 3444 et
3031 3392 3173 3444 actu.

2153 3475 2254 3533 22.
2283 3477 2368 3532 De
2393 3473 2748 3532 consistentia
2773 3475 3092 3532 solidorum.

2153 3564 2254 3620 23.
2281 3565 2366 3620 De
2393 3565 2636 3620 motibus
2661 3563 2972 3620 fluidorum.

2152 3651 2253 3708 24.
2291 3652 2608 3709 Mechanica
2643 3668 2718 3708 ex
2763 3653 3208 3726 praecedentium
3253 3657 3543 3729 complexu
3577 3658 3624 3710 et

2059 3756 2178 3796 usu.
2249 3735 2518 3818 (Nantica
2543 3741 2641 3797 ubi
2667 3741 3026 3800 rhomborum
3053 3742 3190 3816 legis
3217 3760 3413 3802 novae.
3465 3735 3622 3816 θῖεὼε

2047 3839 2220 3904 ‚nung
2257 3837 2370 3890 von
2400 3831 2604 3886 lamae
2636 3821 2875 3901 ῧῴἑιῖ).

2154 3917 2254 3972 25.
2284 3919 2568 3974 Elementa
2610 3918 2858 3991 physices
2897 3919 2968 3975 tle
3004 3919 3183 3976 causis
3223 3921 3544 3992 ‚qualitatum
3579 3923 3626 3974 et

1939 4038 1944 4042 ·
2060 4007 2230 4062 modo
2255 4007 2538 4065 sentiendi.
2619 4025 2622 4028 ·

2153 4094 2254 4151 26.
2292 4095 2647 4152 Astronomia
2695 4095 2920 4168 physica
2967 4096 3040 4152 de
3085 4099 3388 4166 systemate
3427 4095 3624 4168 mundi,

2061 4201 2158 4240 seu
2183 4201 2478 4258 corporum
2503 4183 2803 4257 principiis.

2155 4272 2260 4328 27.
2299 4272 2528 4343 Physica
2567 4273 2818 4346 spemalis
2856 4271 2926 4332 dc
2963 4271 3128 4329 rebus
3165 4289 3308 4345 quae
3361 4273 3505 4330 ciica
3539 4287 3630 4328 iios

2063 4365 2209 4418 sunt.

2157 4449 2257 4504 28.
2286 4449 2372 4505 De
2398 4447 2675 4504 Meteoris.

2158 4537 2261 4594 29.
2288 4538 2374 4593 De
2403 4535 2652 4598 ten-iset
2679 4553 2739 4593 re
2769 4537 3035 4594 minerali.

2095 4676 2098 4680 .
2159 4627 2260 4683 30.
2289 4627 2374 4683 De
2399 4625 2620 4699 plantis.

2127 4710 2258 4771 .31.
2289 4715 2374 4771 De
2403 4714 2755 4774 animalibus.
3428 4733 3444 4756 ν

2157 4803 2257 4858 32.
2287 4804 2374 4865 De
2399 4803 2687 4860 medicina.
2751 4803 3030 4862 Medicina
3055 4804 3460 4880 provisionalis.

2239 4893 2325 4948 De
2355 4892 2521 4948 variis
2549 4890 2806 4966 opificiis:

2151 4980 2238 5036 De
2264 4983 2462 5038 naun-a
2487 4980 2688 5036 mentis
2717 4985 2778 5036 et
2803 4980 2874 5037 de
2901 4979 3248 5054 passionibus
3273 4982 3463 5040 animi.

2150 5069 2384 5126 Politioe.
2409 5083 2504 5125 seu
2535 5069 2608 5126 de
2631 5069 2882 5142 regendis
2901 5069 3232 5128 hominibus.

2153 5157 2237 5216 De
2265 5157 2592 5216 sufficientia
2621 5175 2821 5232 rerum,
2861 5162 2920 5216 et
2955 5158 3294 5216 commerciis
3329 5174 3397 5216 ac
3425 5155 3638 5214 manufi-
