<?xml version="1.0" encoding="UTF-8"?>
<!DOCTYPE html PUBLIC "-//W3C//DTD XHTML 1.0 Transitional//EN"
    "http://www.w3.org/TR/xhtml1/DTD/xhtml1-transitional.dtd">
<html xmlns="http://www.w3.org/1999/xhtml" xml:lang="en" lang="en">
 <head>
  <title>
</title>
<meta http-equiv="Content-Type" content="text/html;charset=utf-8" />
  <meta name='ocr-system' content='tesseract 3.04.00' />
  <meta name='ocr-capabilities' content='ocr_page ocr_carea ocr_par ocr_line ocrx_word'/>
</head>
<body>
  <div class='ocr_page' id='page_1' title='image "./godguilleibniti00erdmgoog_0104.png"; bbox 0 0 3717 5850; ppageno 0'>
   <div class='ocr_carea' id='block_1_1' title="bbox 340 336 3606 565">
    <p class='ocr_par' dir='ltr' id='par_1_1' title="bbox 340 336 3606 565">
     <span class='ocr_line' id='line_1_1' title="bbox 340 336 2628 405; baseline -0.001 -1"><span class='ocrx_word' id='word_1_1' title='bbox 340 336 428 405; x_wconf 80' lang='lat'>62</span> <span class='ocrx_word' id='word_1_2' title='bbox 1314 344 1380 401; x_wconf 83' lang='lat' dir='ltr'>v.</span> <span class='ocrx_word' id='word_1_3' title='bbox 1420 342 1526 401; x_wconf 83' lang='lat' dir='ltr'>DE</span> <span class='ocrx_word' id='word_1_4' title='bbox 1550 342 1761 401; x_wconf 78' lang='lat' dir='ltr'>snm</span> <span class='ocrx_word' id='word_1_5' title='bbox 1784 341 2313 401; x_wconf 65' lang='lat' dir='ltr'>rimosopffloo</span> <span class='ocrx_word' id='word_1_6' title='bbox 2329 340 2628 401; x_wconf 77' lang='lat' dir='ltr'>mzom.</span> 
     </span>
     <span class='ocr_line' id='line_1_2' title="bbox 340 482 3606 565; baseline -0.002 -17"><span class='ocrx_word' id='word_1_7' title='bbox 340 490 552 565; x_wconf 84' lang='lat' dir='ltr'>imponi</span> <span class='ocrx_word' id='word_1_8' title='bbox 581 488 739 561; x_wconf 54' lang='lat' dir='ltr'>solet</span> <span class='ocrx_word' id='word_1_9' title='bbox 768 485 1921 560; x_wconf 69' lang='lat' dir='ltr'>nnjmeadpemnnitatemnominiseffi·</span> <span class='ocrx_word' id='word_1_10' title='bbox 2021 486 2234 543; x_wconf 64' lang='lat' dir='ltr'>unnim</span> <span class='ocrx_word' id='word_1_11' title='bbox 2273 484 2372 541; x_wconf 75' lang='lat' dir='ltr'>sed</span> <span class='ocrx_word' id='word_1_12' title='bbox 2411 482 2610 540; x_wconf 69' lang='lat' dir='ltr'>latine</span> <span class='ocrx_word' id='word_1_13' title='bbox 2649 484 3046 558; x_wconf 58' lang='lat' dir='ltr'>launo-manre,</span> <span class='ocrx_word' id='word_1_14' title='bbox 3088 482 3606 541; x_wconf 57' lang='lat' dir='ltr'>mmmmm-</span> 
     </span>
    </p>
   </div>
   <div class='ocr_carea' id='block_1_2' title="bbox 340 574 1920 1183">
    <p class='ocr_par' dir='ltr' id='par_1_2' title="bbox 340 574 1920 1183">
     <span class='ocr_line' id='line_1_3' title="bbox 340 574 1919 654; baseline -0.004 -17"><span class='ocrx_word' id='word_1_15' title='bbox 340 580 507 654; x_wconf 82' lang='lat' dir='ltr'>eacia,</span> <span class='ocrx_word' id='word_1_16' title='bbox 540 574 1919 652; x_wconf 72' lang='lat' dir='ltr'>quamsiexsolidoadamantestamaillacum</span> 
     </span>
     <span class='ocr_line' id='line_1_4' title="bbox 341 664 1916 742; baseline -0.004 -16"><span class='ocrx_word' id='word_1_17' title='bbox 341 669 525 742; x_wconf 83' lang='lat' dir='ltr'>elogio</span> <span class='ocrx_word' id='word_1_18' title='bbox 560 667 829 725; x_wconf 85' lang='lat' dir='ltr'>collocata</span> <span class='ocrx_word' id='word_1_19' title='bbox 876 668 1035 721; x_wconf 85' lang='lat' dir='ltr'>esset.</span> <span class='ocrx_word' id='word_1_20' title='bbox 1122 664 1425 730; x_wconf 76' lang='lat' dir='ltr'>Qualitatoe</span> <span class='ocrx_word' id='word_1_21' title='bbox 1464 680 1685 738; x_wconf 83' lang='lat' dir='ltr'>quoque</span> <span class='ocrx_word' id='word_1_22' title='bbox 1722 679 1916 737; x_wconf 86' lang='lat' dir='ltr'>novas,</span> 
     </span>
     <span class='ocr_line' id='line_1_5' title="bbox 342 751 1920 830; baseline -0.005 -15"><span class='ocrx_word' id='word_1_23' title='bbox 342 762 407 815; x_wconf 84' lang='lat' dir='ltr'>ut</span> <span class='ocrx_word' id='word_1_24' title='bbox 432 758 653 830; x_wconf 84' lang='lat' dir='ltr'>ignotos</span> <span class='ocrx_word' id='word_1_25' title='bbox 678 755 937 811; x_wconf 65' lang='lat' dir='ltr'>imotenus</span> <span class='ocrx_word' id='word_1_26' title='bbox 978 753 1189 811; x_wconf 85' lang='lat' dir='ltr'>colores</span> <span class='ocrx_word' id='word_1_27' title='bbox 1225 754 1517 827; x_wconf 88' lang='lat' dir='ltr'>plurimos,</span> <span class='ocrx_word' id='word_1_28' title='bbox 1562 753 1709 811; x_wconf 84' lang='lat' dir='ltr'>haud</span> <span class='ocrx_word' id='word_1_29' title='bbox 1750 751 1920 810; x_wconf 84' lang='lat' dir='ltr'>dubie</span> 
     </span>
     <span class='ocr_line' id='line_1_6' title="bbox 341 840 1919 919; baseline -0.004 -16"><span class='ocrx_word' id='word_1_30' title='bbox 341 846 501 919; x_wconf 83' lang='lat' dir='ltr'>vidit,</span> <span class='ocrx_word' id='word_1_31' title='bbox 535 845 630 919; x_wconf 81' lang='lat' dir='ltr'>qui</span> <span class='ocrx_word' id='word_1_32' title='bbox 660 843 870 918; x_wconf 85' lang='lat' dir='ltr'>primus</span> <span class='ocrx_word' id='word_1_33' title='bbox 901 842 1259 917; x_wconf 86' lang='lat' dir='ltr'>microseopio</span> <span class='ocrx_word' id='word_1_34' title='bbox 1291 859 1421 899; x_wconf 86' lang='lat' dir='ltr'>usus</span> <span class='ocrx_word' id='word_1_35' title='bbox 1453 846 1550 898; x_wconf 84' lang='lat' dir='ltr'>ost.</span> <span class='ocrx_word' id='word_1_36' title='bbox 1618 841 1721 897; x_wconf 86' lang='lat' dir='ltr'>His</span> <span class='ocrx_word' id='word_1_37' title='bbox 1750 840 1919 914; x_wconf 81' lang='lat' dir='ltr'>igitur</span> 
     </span>
     <span class='ocr_line' id='line_1_7' title="bbox 340 930 1919 1003; baseline -0.005 -11"><span class='ocrx_word' id='word_1_38' title='bbox 340 935 557 992; x_wconf 80' lang='lat' dir='ltr'>casibus</span> <span class='ocrx_word' id='word_1_39' title='bbox 581 933 813 991; x_wconf 84' lang='lat' dir='ltr'>nomina</span> <span class='ocrx_word' id='word_1_40' title='bbox 840 932 929 989; x_wconf 84' lang='lat' dir='ltr'>vel</span> <span class='ocrx_word' id='word_1_41' title='bbox 960 948 1107 988; x_wconf 80' lang='lat' dir='ltr'>nova</span> <span class='ocrx_word' id='word_1_42' title='bbox 1138 932 1443 1003; x_wconf 73' lang='lat' dir='ltr'>formamla,</span> <span class='ocrx_word' id='word_1_43' title='bbox 1474 930 1563 986; x_wconf 83' lang='lat' dir='ltr'>vel</span> <span class='ocrx_word' id='word_1_44' title='bbox 1588 934 1777 987; x_wconf 84' lang='lat' dir='ltr'>vetera</span> <span class='ocrx_word' id='word_1_45' title='bbox 1806 934 1919 984; x_wconf 81' lang='lat' dir='ltr'>tro·</span> 
     </span>
     <span class='ocr_line' id='line_1_8' title="bbox 340 1018 1920 1099; baseline -0.004 -19"><span class='ocrx_word' id='word_1_46' title='bbox 340 1024 429 1099; x_wconf 83' lang='lat' dir='ltr'>pis</span> <span class='ocrx_word' id='word_1_47' title='bbox 466 1022 812 1095; x_wconf 83' lang='lat' dir='ltr'>quibusdam,</span> <span class='ocrx_word' id='word_1_48' title='bbox 842 1038 883 1083; x_wconf 75' lang='lat' dir='ltr'>a</span> <span class='ocrx_word' id='word_1_49' title='bbox 922 1020 1191 1078; x_wconf 74' lang='lat' dir='ltr'><strong>relatione</strong></span> <span class='ocrx_word' id='word_1_50' title='bbox 1229 1020 1313 1077; x_wconf 87' lang='lat' dir='ltr'>rei</span> <span class='ocrx_word' id='word_1_51' title='bbox 1343 1018 1691 1093; x_wconf 80' lang='lat' dir='ltr'>qualitatisve</span> <span class='ocrx_word' id='word_1_52' title='bbox 1740 1032 1920 1073; x_wconf 70' lang='lat' dir='ltr'>novae</span> 
     </span>
     <span class='ocr_line' id='line_1_9' title="bbox 340 1107 1679 1183; baseline -0.005 -14"><span class='ocrx_word' id='word_1_53' title='bbox 340 1112 415 1170; x_wconf 79' lang='lat' dir='ltr'>ad</span> <span class='ocrx_word' id='word_1_54' title='bbox 439 1116 649 1168; x_wconf 68' lang='lat' dir='ltr'>veta-es</span> <span class='ocrx_word' id='word_1_55' title='bbox 678 1107 881 1183; x_wconf 77' lang='lat' dir='ltr'>petitis,</span> <span class='ocrx_word' id='word_1_56' title='bbox 908 1112 1013 1167; x_wconf 84' lang='lat' dir='ltr'>huc</span> <span class='ocrx_word' id='word_1_57' title='bbox 1042 1108 1506 1165; x_wconf 83' lang='lat' dir='ltr'>accommodanda</span> <span class='ocrx_word' id='word_1_58' title='bbox 1533 1110 1679 1163; x_wconf 86' lang='lat' dir='ltr'>sunt.</span> 
     </span>
    </p>
   </div>
   <div class='ocr_carea' id='block_1_3' title="bbox 250 1194 1932 1365">
    <p class='ocr_par' dir='ltr' id='par_1_3' title="bbox 250 1194 1932 1365">
     <span class='ocr_line' id='line_1_10' title="bbox 428 1194 1932 1273; baseline -0.005 -16"><span class='ocrx_word' id='word_1_59' title='bbox 428 1200 561 1259; x_wconf 86' lang='lat' dir='ltr'><strong>XII.</strong></span> <span class='ocrx_word' id='word_1_60' title='bbox 601 1199 745 1256; x_wconf 86' lang='lat' dir='ltr'>Illud</span> <span class='ocrx_word' id='word_1_61' title='bbox 772 1198 942 1273; x_wconf 78' lang='lat' dir='ltr'>igitur</span> <span class='ocrx_word' id='word_1_62' title='bbox 968 1214 1069 1272; x_wconf 88' lang='lat' dir='ltr'>pro</span> <span class='ocrx_word' id='word_1_63' title='bbox 1102 1202 1251 1255; x_wconf 72' lang='lat' dir='ltr'>certo</span> <span class='ocrx_word' id='word_1_64' title='bbox 1282 1196 1595 1253; x_wconf 68' lang='lat' dir='ltr'>iubendum</span> <span class='ocrx_word' id='word_1_65' title='bbox 1633 1198 1735 1269; x_wconf 84' lang='lat' dir='ltr'>est,</span> <span class='ocrx_word' id='word_1_66' title='bbox 1768 1194 1932 1267; x_wconf 52' lang='lat' dir='ltr'>quic*-</span> 
     </span>
     <span class='ocr_line' id='line_1_11' title="bbox 250 1284 1914 1365; baseline -0.004 -20"><span class='ocrx_word' id='word_1_67' title='bbox 250 1355 261 1365; x_wconf 45' lang='lat'>‚</span> <span class='ocrx_word' id='word_1_68' title='bbox 340 1290 477 1364; x_wconf 88' lang='lat' dir='ltr'>quid</span> <span class='ocrx_word' id='word_1_69' title='bbox 528 1286 779 1344; x_wconf 77' lang='lat' dir='ltr'>terminis</span> <span class='ocrx_word' id='word_1_70' title='bbox 830 1286 1189 1359; x_wconf 82' lang='lat' dir='ltr'>popularibus</span> <span class='ocrx_word' id='word_1_71' title='bbox 1235 1284 1501 1359; x_wconf 66' lang='lat' dir='ltr'>explicari</span> <span class='ocrx_word' id='word_1_72' title='bbox 1550 1300 1666 1341; x_wconf 85' lang='lat' dir='ltr'>non</span> <span class='ocrx_word' id='word_1_73' title='bbox 1715 1288 1914 1357; x_wconf 81' lang='lat' dir='ltr'>potest,</span> 
     </span>
    </p>
   </div>
   <div class='ocr_carea' id='block_1_4' title="bbox 272 1372 1929 5266">
    <p class='ocr_par' dir='ltr' id='par_1_4' title="bbox 294 1372 1927 3491">
     <span class='ocr_line' id='line_1_12' title="bbox 340 1372 1918 1446; baseline -0.004 -11"><span class='ocrx_word' id='word_1_74' title='bbox 340 1378 453 1435; x_wconf 87' lang='lat' dir='ltr'>nisi</span> <span class='ocrx_word' id='word_1_75' title='bbox 503 1376 821 1434; x_wconf 80' lang='lat' dir='ltr'>immediato</span> <span class='ocrx_word' id='word_1_76' title='bbox 862 1391 1025 1431; x_wconf 87' lang='lat' dir='ltr'>sensu</span> <span class='ocrx_word' id='word_1_77' title='bbox 1062 1378 1277 1431; x_wconf 77' lang='lat' dir='ltr'>constet</span> <span class='ocrx_word' id='word_1_78' title='bbox 1316 1372 1533 1446; x_wconf 82' lang='lat' dir='ltr'>(qualia</span> <span class='ocrx_word' id='word_1_79' title='bbox 1571 1377 1700 1429; x_wconf 68' lang='lat' dir='ltr'>sumt</span> <span class='ocrx_word' id='word_1_80' title='bbox 1742 1373 1918 1429; x_wconf 77' lang='lat' dir='ltr'>multa</span> 
     </span>
     <span class='ocr_line' id='line_1_13' title="bbox 342 1458 1916 1541; baseline -0.004 -18"><span class='ocrx_word' id='word_1_81' title='bbox 342 1483 543 1541; x_wconf 72' lang='lat' dir='ltr'>genera</span> <span class='ocrx_word' id='word_1_82' title='bbox 576 1465 841 1537; x_wconf 87' lang='lat' dir='ltr'>colorum,</span> <span class='ocrx_word' id='word_1_83' title='bbox 881 1462 1115 1519; x_wconf 87' lang='lat' dir='ltr'>odorum</span> <span class='ocrx_word' id='word_1_84' title='bbox 1128 1503 1145 1536; x_wconf 92' lang='lat'>,</span> <span class='ocrx_word' id='word_1_85' title='bbox 1190 1458 1485 1539; x_wconf 85' lang='lat' dir='ltr'>saporum)</span> <span class='ocrx_word' id='word_1_86' title='bbox 1527 1478 1645 1519; x_wconf 72' lang='lat' dir='ltr'>esse</span> <span class='ocrx_word' id='word_1_87' title='bbox 1682 1462 1916 1533; x_wconf 87' lang='lat' dir='ltr'>nullum,</span> 
     </span>
     <span class='ocr_line' id='line_1_14' title="bbox 340 1550 1920 1627; baseline -0.004 -15"><span class='ocrx_word' id='word_1_88' title='bbox 340 1560 399 1613; x_wconf 87' lang='lat' dir='ltr'>et</span> <span class='ocrx_word' id='word_1_89' title='bbox 438 1571 475 1610; x_wconf 88' lang='lat' dir='ltr'>a</span> <span class='ocrx_word' id='word_1_90' title='bbox 514 1551 859 1627; x_wconf 75' lang='lat' dir='ltr'><strong>philosophia</strong></span> <span class='ocrx_word' id='word_1_91' title='bbox 896 1551 1047 1607; x_wconf 80' lang='lat' dir='ltr'>velut</span> <span class='ocrx_word' id='word_1_92' title='bbox 1086 1551 1351 1624; x_wconf 77' lang='lat' dir='ltr'>piamlari</span> <span class='ocrx_word' id='word_1_93' title='bbox 1391 1550 1633 1624; x_wconf 85' lang='lat' dir='ltr'>quodam</span> <span class='ocrx_word' id='word_1_94' title='bbox 1674 1550 1920 1607; x_wconf 73' lang='lat' dir='ltr'>carniine</span> 
     </span>
     <span class='ocr_line' id='line_1_15' title="bbox 341 1639 1920 1713; baseline -0.003 -14"><span class='ocrx_word' id='word_1_95' title='bbox 341 1643 651 1699; x_wconf 88' lang='lat' dir='ltr'>arcendum.</span> <span class='ocrx_word' id='word_1_96' title='bbox 694 1640 861 1705; x_wconf 76' lang='lat' dir='ltr'>Unde</span> <span class='ocrx_word' id='word_1_97' title='bbox 886 1639 1223 1713; x_wconf 81' lang='lat' dir='ltr'>philosophis</span> <span class='ocrx_word' id='word_1_98' title='bbox 1261 1640 1589 1712; x_wconf 85' lang='lat' dir='ltr'>quibusdam</span> <span class='ocrx_word' id='word_1_99' title='bbox 1620 1639 1920 1713; x_wconf 72' lang='lat' dir='ltr'>ingeniosis</span> 
     </span>
     <span class='ocr_line' id='line_1_16' title="bbox 342 1728 1920 1803; baseline -0.003 -15"><span class='ocrx_word' id='word_1_100' title='bbox 342 1746 463 1788; x_wconf 88' lang='lat' dir='ltr'>mos</span> <span class='ocrx_word' id='word_1_101' title='bbox 502 1734 589 1787; x_wconf 87' lang='lat' dir='ltr'>est</span> <span class='ocrx_word' id='word_1_102' title='bbox 628 1728 873 1803; x_wconf 71' lang='lat' dir='ltr'>egregios</span> <span class='ocrx_word' id='word_1_103' title='bbox 914 1728 1041 1785; x_wconf 87' lang='lat' dir='ltr'>illos</span> <span class='ocrx_word' id='word_1_104' title='bbox 1078 1728 1441 1802; x_wconf 67' lang='lat' dir='ltr'>disputata-es</span> <span class='ocrx_word' id='word_1_105' title='bbox 1480 1728 1791 1785; x_wconf 75' lang='lat' dir='ltr'>dialecticos</span> <span class='ocrx_word' id='word_1_106' title='bbox 1844 1728 1920 1785; x_wconf 86' lang='lat' dir='ltr'>ad</span> 
     </span>
     <span class='ocr_line' id='line_1_17' title="bbox 340 1816 1921 1892; baseline -0.003 -15"><span class='ocrx_word' id='word_1_107' title='bbox 340 1821 445 1877; x_wconf 88' lang='lat' dir='ltr'>hoc</span> <span class='ocrx_word' id='word_1_108' title='bbox 474 1836 684 1892; x_wconf 85' lang='lat' dir='ltr'>urgere,</span> <span class='ocrx_word' id='word_1_109' title='bbox 728 1821 793 1873; x_wconf 89' lang='lat' dir='ltr'>ut</span> <span class='ocrx_word' id='word_1_110' title='bbox 832 1818 922 1873; x_wconf 86' lang='lat' dir='ltr'>vel</span> <span class='ocrx_word' id='word_1_111' title='bbox 964 1832 1155 1873; x_wconf 86' lang='lat' dir='ltr'>omnes</span> <span class='ocrx_word' id='word_1_112' title='bbox 1192 1816 1459 1873; x_wconf 83' lang='lat' dir='ltr'>terminos</span> <span class='ocrx_word' id='word_1_113' title='bbox 1488 1832 1617 1873; x_wconf 85' lang='lat' dir='ltr'>suos</span> <span class='ocrx_word' id='word_1_114' title='bbox 1648 1816 1792 1873; x_wconf 83' lang='lat' dir='ltr'>clare</span> <span class='ocrx_word' id='word_1_115' title='bbox 1822 1831 1921 1873; x_wconf 83' lang='lat' dir='ltr'>ex-</span> 
     </span>
     <span class='ocr_line' id='line_1_18' title="bbox 340 1905 1919 1982; baseline -0.001 -17"><span class='ocrx_word' id='word_1_116' title='bbox 340 1909 561 1982; x_wconf 85' lang='lat' dir='ltr'>plicent,</span> <span class='ocrx_word' id='word_1_117' title='bbox 598 1906 687 1963; x_wconf 83' lang='lat' dir='ltr'>vel</span> <span class='ocrx_word' id='word_1_118' title='bbox 717 1906 765 1961; x_wconf 90' lang='lat' dir='ltr'>si</span> <span class='ocrx_word' id='word_1_119' title='bbox 796 1906 937 1961; x_wconf 87' lang='lat' dir='ltr'>hanc</span> <span class='ocrx_word' id='word_1_120' title='bbox 968 1905 1283 1961; x_wconf 87' lang='lat' dir='ltr'>molestiam</span> <span class='ocrx_word' id='word_1_121' title='bbox 1324 1906 1699 1979; x_wconf 76' lang='lat' dir='ltr'>subterfugere</span> <span class='ocrx_word' id='word_1_122' title='bbox 1728 1906 1919 1977; x_wconf 81' lang='lat' dir='ltr'>velint,</span> 
     </span>
     <span class='ocr_line' id='line_1_19' title="bbox 340 1994 1922 2067; baseline -0.003 -13"><span class='ocrx_word' id='word_1_123' title='bbox 340 1996 672 2054; x_wconf 77' lang='lat' dir='ltr'>deseemlant</span> <span class='ocrx_word' id='word_1_124' title='bbox 700 1994 773 2051; x_wconf 84' lang='lat' dir='ltr'>ad</span> <span class='ocrx_word' id='word_1_125' title='bbox 804 1994 1050 2067; x_wconf 80' lang='lat' dir='ltr'>linguam</span> <span class='ocrx_word' id='word_1_126' title='bbox 1080 1994 1323 2067; x_wconf 78' lang='lat' dir='ltr'>aliquam</span> <span class='ocrx_word' id='word_1_127' title='bbox 1354 1994 1540 2050; x_wconf 82' lang='lat' dir='ltr'>vivam</span> <span class='ocrx_word' id='word_1_128' title='bbox 1566 2008 1663 2049; x_wconf 84' lang='lat' dir='ltr'>seu</span> <span class='ocrx_word' id='word_1_129' title='bbox 1692 1995 1922 2067; x_wconf 86' lang='lat' dir='ltr'>popula·</span> 
     </span>
     <span class='ocr_line' id='line_1_20' title="bbox 341 2081 1922 2160; baseline -0.003 -17"><span class='ocrx_word' id='word_1_130' title='bbox 341 2102 478 2160; x_wconf 85' lang='lat' dir='ltr'>rem,</span> <span class='ocrx_word' id='word_1_131' title='bbox 510 2086 813 2141; x_wconf 79' lang='lat' dir='ltr'>actentent</span> <span class='ocrx_word' id='word_1_132' title='bbox 850 2084 913 2138; x_wconf 87' lang='lat' dir='ltr'>in</span> <span class='ocrx_word' id='word_1_133' title='bbox 952 2100 1021 2139; x_wconf 81' lang='lat' dir='ltr'>ea</span> <span class='ocrx_word' id='word_1_134' title='bbox 1050 2081 1227 2139; x_wconf 86' lang='lat' dir='ltr'>animi</span> <span class='ocrx_word' id='word_1_135' title='bbox 1258 2098 1419 2140; x_wconf 83' lang='lat' dir='ltr'>sensa</span> <span class='ocrx_word' id='word_1_136' title='bbox 1451 2098 1765 2156; x_wconf 80' lang='lat' dir='ltr'>exponere3</span> <span class='ocrx_word' id='word_1_137' title='bbox 1808 2098 1922 2155; x_wconf 88' lang='lat' dir='ltr'>quo</span> 
     </span>
     <span class='ocr_line' id='line_1_21' title="bbox 342 2162 1920 2245; baseline -0.001 -16"><span class='ocrx_word' id='word_1_138' title='bbox 342 2162 915 2245; x_wconf 72' lang='lat' dir='ltr'>factumirumest,</span> <span class='ocrx_word' id='word_1_139' title='bbox 978 2172 1297 2245; x_wconf 86' lang='lat' dir='ltr'>quamvel</span> <span class='ocrx_word' id='word_1_140' title='bbox 1354 2170 1920 2243; x_wconf 85' lang='lat' dir='ltr'>consternenturilli‚</span> 
     </span>
     <span class='ocr_line' id='line_1_22' title="bbox 341 2258 1926 2333; baseline -0.003 -14"><span class='ocrx_word' id='word_1_141' title='bbox 341 2264 433 2320; x_wconf 84' lang='lat' dir='ltr'>vel</span> <span class='ocrx_word' id='word_1_142' title='bbox 496 2262 545 2319; x_wconf 87' lang='lat' dir='ltr'>si</span> <span class='ocrx_word' id='word_1_143' title='bbox 605 2278 725 2318; x_wconf 90' lang='lat' dir='ltr'>rem</span> <span class='ocrx_word' id='word_1_144' title='bbox 783 2264 1025 2333; x_wconf 81' lang='lat' dir='ltr'>tentent,</span> <span class='ocrx_word' id='word_1_145' title='bbox 1098 2276 1135 2317; x_wconf 87' lang='lat' dir='ltr'>a</span> <span class='ocrx_word' id='word_1_146' title='bbox 1194 2260 1569 2333; x_wconf 77' lang='lat' dir='ltr'>pmesentibus</span> <span class='ocrx_word' id='word_1_147' title='bbox 1640 2258 1775 2316; x_wconf 82' lang='lat' dir='ltr'>viris</span> <span class='ocrx_word' id='word_1_148' title='bbox 1832 2258 1926 2329; x_wconf 81' lang='lat' dir='ltr'>ju·</span> 
     </span>
     <span class='ocr_line' id='line_1_23' title="bbox 342 2348 1924 2424; baseline -0.003 -15"><span class='ocrx_word' id='word_1_149' title='bbox 342 2352 489 2409; x_wconf 82' lang='lat' dir='ltr'>dicio</span> <span class='ocrx_word' id='word_1_150' title='bbox 530 2354 695 2424; x_wconf 77' lang='lat' dir='ltr'>atque</span> <span class='ocrx_word' id='word_1_151' title='bbox 736 2349 1076 2423; x_wconf 72' lang='lat' dir='ltr'>experientia</span> <span class='ocrx_word' id='word_1_152' title='bbox 1128 2349 1417 2422; x_wconf 85' lang='lat' dir='ltr'>praeditis,</span> <span class='ocrx_word' id='word_1_153' title='bbox 1462 2348 1693 2405; x_wconf 77' lang='lat' dir='ltr'>Latinae</span> <span class='ocrx_word' id='word_1_154' title='bbox 1736 2352 1924 2405; x_wconf 69' lang='lat' dir='ltr'>amm</span> 
     </span>
     <span class='ocr_line' id='line_1_24' title="bbox 342 2436 1924 2515; baseline -0.003 -18"><span class='ocrx_word' id='word_1_155' title='bbox 342 2440 563 2515; x_wconf 79' lang='lat' dir='ltr'>linguae</span> <span class='ocrx_word' id='word_1_156' title='bbox 606 2456 723 2495; x_wconf 89' lang='lat' dir='ltr'>non</span> <span class='ocrx_word' id='word_1_157' title='bbox 766 2438 1067 2494; x_wconf 82' lang='lat' dir='ltr'>admodum</span> <span class='ocrx_word' id='word_1_158' title='bbox 1105 2436 1349 2511; x_wconf 74' lang='lat' dir='ltr'>mriosis,</span> <span class='ocrx_word' id='word_1_159' title='bbox 1396 2436 1739 2493; x_wconf 79' lang='lat' dir='ltr'>irrideantur.</span> <span class='ocrx_word' id='word_1_160' title='bbox 1804 2438 1924 2509; x_wconf 78' lang='lat' dir='ltr'>Ego</span> 
     </span>
     <span class='ocr_line' id='line_1_25' title="bbox 340 2525 1925 2599; baseline -0.004 -12"><span class='ocrx_word' id='word_1_161' title='bbox 340 2533 489 2587; x_wconf 81' lang='lat' dir='ltr'>certe</span> <span class='ocrx_word' id='word_1_162' title='bbox 516 2544 583 2585; x_wconf 88' lang='lat' dir='ltr'>ea</span> <span class='ocrx_word' id='word_1_163' title='bbox 610 2528 829 2585; x_wconf 72' lang='lat' dir='ltr'>ratione</span> <span class='ocrx_word' id='word_1_164' title='bbox 859 2529 1065 2584; x_wconf 78' lang='lat' dir='ltr'>factum</span> <span class='ocrx_word' id='word_1_165' title='bbox 1096 2544 1213 2583; x_wconf 67' lang='lat' dir='ltr'>ease</span> <span class='ocrx_word' id='word_1_166' title='bbox 1244 2526 1501 2599; x_wconf 79' lang='lat' dir='ltr'>arbitror,</span> <span class='ocrx_word' id='word_1_167' title='bbox 1534 2531 1599 2581; x_wconf 87' lang='lat' dir='ltr'>ut</span> <span class='ocrx_word' id='word_1_168' title='bbox 1629 2526 1690 2581; x_wconf 85' lang='lat' dir='ltr'>in</span> <span class='ocrx_word' id='word_1_169' title='bbox 1721 2525 1925 2599; x_wconf 85' lang='lat' dir='ltr'>Anglia</span> 
     </span>
     <span class='ocr_line' id='line_1_26' title="bbox 342 2613 1924 2691; baseline -0.003 -17"><span class='ocrx_word' id='word_1_170' title='bbox 342 2618 631 2690; x_wconf 78' lang='lat' dir='ltr'>Galliaque</span> <span class='ocrx_word' id='word_1_171' title='bbox 662 2614 949 2691; x_wconf 74' lang='lat' dir='ltr'>paullatim</span> <span class='ocrx_word' id='word_1_172' title='bbox 978 2614 1299 2672; x_wconf 84' lang='lat' dir='ltr'>scholastica</span> <span class='ocrx_word' id='word_1_173' title='bbox 1330 2614 1747 2689; x_wconf 82' lang='lat' dir='ltr'>philosophandi</span> <span class='ocrx_word' id='word_1_174' title='bbox 1778 2613 1924 2671; x_wconf 76' lang='lat' dir='ltr'>ratio</span> 
     </span>
     <span class='ocr_line' id='line_1_27' title="bbox 344 2702 1924 2778; baseline -0.003 -14"><span class='ocrx_word' id='word_1_175' title='bbox 344 2706 669 2777; x_wconf 83' lang='lat' dir='ltr'>exoleverit,</span> <span class='ocrx_word' id='word_1_176' title='bbox 714 2705 845 2778; x_wconf 88' lang='lat' dir='ltr'>quia</span> <span class='ocrx_word' id='word_1_177' title='bbox 879 2704 1003 2775; x_wconf 87' lang='lat' dir='ltr'>jam</span> <span class='ocrx_word' id='word_1_178' title='bbox 1044 2704 1253 2760; x_wconf 89' lang='lat' dir='ltr'>dudum</span> <span class='ocrx_word' id='word_1_179' title='bbox 1294 2702 1423 2759; x_wconf 87' lang='lat' dir='ltr'>illae</span> <span class='ocrx_word' id='word_1_180' title='bbox 1469 2708 1655 2777; x_wconf 68' lang='lat' dir='ltr'>gentes</span> <span class='ocrx_word' id='word_1_181' title='bbox 1685 2704 1924 2778; x_wconf 88' lang='lat' dir='ltr'>philoso-</span> 
     </span>
     <span class='ocr_line' id='line_1_28' title="bbox 342 2791 1925 2869; baseline -0.003 -18"><span class='ocrx_word' id='word_1_182' title='bbox 342 2796 531 2869; x_wconf 83' lang='lat' dir='ltr'>phiam</span> <span class='ocrx_word' id='word_1_183' title='bbox 563 2810 661 2850; x_wconf 89' lang='lat' dir='ltr'>sua</span> <span class='ocrx_word' id='word_1_184' title='bbox 694 2794 884 2867; x_wconf 83' lang='lat' dir='ltr'>lingua</span> <span class='ocrx_word' id='word_1_185' title='bbox 914 2792 1165 2849; x_wconf 79' lang='lat' dir='ltr'>excolere</span> <span class='ocrx_word' id='word_1_186' title='bbox 1195 2797 1505 2865; x_wconf 86' lang='lat' dir='ltr'>coeperunt,</span> <span class='ocrx_word' id='word_1_187' title='bbox 1540 2796 1605 2849; x_wconf 90' lang='lat' dir='ltr'>ut</span> <span class='ocrx_word' id='word_1_188' title='bbox 1634 2792 1743 2866; x_wconf 85' lang='lat' dir='ltr'>ipsi</span> <span class='ocrx_word' id='word_1_189' title='bbox 1772 2791 1925 2866; x_wconf 89' lang='lat' dir='ltr'>plebi</span> 
     </span>
     <span class='ocr_line' id='line_1_29' title="bbox 342 2880 1925 2958; baseline -0.002 -17"><span class='ocrx_word' id='word_1_190' title='bbox 342 2882 767 2958; x_wconf 84' lang='lat' dir='ltr'>quodammodo,</span> <span class='ocrx_word' id='word_1_191' title='bbox 800 2884 966 2954; x_wconf 76' lang='lat' dir='ltr'>atque</span> <span class='ocrx_word' id='word_1_192' title='bbox 996 2882 1165 2939; x_wconf 85' lang='lat' dir='ltr'>etiam</span> <span class='ocrx_word' id='word_1_193' title='bbox 1196 2880 1453 2938; x_wconf 83' lang='lat' dir='ltr'>foeminis</span> <span class='ocrx_word' id='word_1_194' title='bbox 1492 2880 1673 2938; x_wconf 85' lang='lat' dir='ltr'>aditus</span> <span class='ocrx_word' id='word_1_195' title='bbox 1700 2881 1769 2939; x_wconf 92' lang='lat' dir='ltr'>de</span> <span class='ocrx_word' id='word_1_196' title='bbox 1801 2880 1925 2938; x_wconf 87' lang='lat' dir='ltr'>tali·</span> 
     </span>
     <span class='ocr_line' id='line_1_30' title="bbox 342 2970 1924 3044; baseline -0.003 -14"><span class='ocrx_word' id='word_1_197' title='bbox 342 2973 449 3030; x_wconf 81' lang='lat' dir='ltr'>bus</span> <span class='ocrx_word' id='word_1_198' title='bbox 476 2971 763 3044; x_wconf 83' lang='lat' dir='ltr'>judicandi</span> <span class='ocrx_word' id='word_1_199' title='bbox 792 2971 866 3026; x_wconf 86' lang='lat' dir='ltr'>sit</span> <span class='ocrx_word' id='word_1_200' title='bbox 898 2973 1087 3028; x_wconf 73' lang='lat' dir='ltr'>factus.</span> <span class='ocrx_word' id='word_1_201' title='bbox 1153 2971 1309 3026; x_wconf 85' lang='lat' dir='ltr'>Idem</span> <span class='ocrx_word' id='word_1_202' title='bbox 1339 2971 1485 3028; x_wconf 85' lang='lat' dir='ltr'>haud</span> <span class='ocrx_word' id='word_1_203' title='bbox 1516 2970 1685 3027; x_wconf 85' lang='lat' dir='ltr'>dubie</span> <span class='ocrx_word' id='word_1_204' title='bbox 1716 2974 1924 3028; x_wconf 58' lang='lat' dir='ltr'>tactum</span> 
     </span>
     <span class='ocr_line' id='line_1_31' title="bbox 340 3058 1926 3135; baseline -0.002 -16"><span class='ocrx_word' id='word_1_205' title='bbox 340 3065 485 3120; x_wconf 62' lang='lat' dir='ltr'>met</span> <span class='ocrx_word' id='word_1_206' title='bbox 512 3061 662 3135; x_wconf 83' lang='lat' dir='ltr'>apud</span> <span class='ocrx_word' id='word_1_207' title='bbox 688 3061 874 3134; x_wconf 87' lang='lat' dir='ltr'>Italos,</span> <span class='ocrx_word' id='word_1_208' title='bbox 909 3059 1019 3115; x_wconf 89' lang='lat' dir='ltr'>nisi</span> <span class='ocrx_word' id='word_1_209' title='bbox 1062 3059 1142 3116; x_wconf 91' lang='lat' dir='ltr'>ibi</span> <span class='ocrx_word' id='word_1_210' title='bbox 1186 3059 1449 3132; x_wconf 80' lang='lat' dir='ltr'>Theologi</span> <span class='ocrx_word' id='word_1_211' title='bbox 1489 3058 1795 3116; x_wconf 78' lang='lat' dir='ltr'>scholastici</span> <span class='ocrx_word' id='word_1_212' title='bbox 1834 3075 1926 3116; x_wconf 89' lang='lat' dir='ltr'>eo-</span> 
     </span>
     <span class='ocr_line' id='line_1_32' title="bbox 294 3147 1924 3229; baseline -0.001 -23"><span class='ocrx_word' id='word_1_213' title='bbox 294 3218 299 3229; x_wconf 37' lang='lat'><strong>·</strong></span> <span class='ocrx_word' id='word_1_214' title='bbox 342 3150 525 3225; x_wconf 83' lang='lat' dir='ltr'>gnatis</span> <span class='ocrx_word' id='word_1_215' title='bbox 554 3151 665 3206; x_wconf 91' lang='lat' dir='ltr'>sibi</span> <span class='ocrx_word' id='word_1_216' title='bbox 694 3148 1029 3224; x_wconf 86' lang='lat' dir='ltr'>philosophis</span> <span class='ocrx_word' id='word_1_217' title='bbox 1056 3147 1303 3204; x_wconf 82' lang='lat' dir='ltr'>subsidio</span> <span class='ocrx_word' id='word_1_218' title='bbox 1336 3148 1625 3204; x_wconf 74' lang='lat' dir='ltr'>venioeent.</span> <span class='ocrx_word' id='word_1_219' title='bbox 1692 3149 1761 3204; x_wconf 89' lang='lat' dir='ltr'>In</span> <span class='ocrx_word' id='word_1_220' title='bbox 1790 3149 1924 3205; x_wconf 82' lang='lat' dir='ltr'>Ger·</span> 
     </span>
     <span class='ocr_line' id='line_1_33' title="bbox 344 3237 1927 3311; baseline -0.002 -15"><span class='ocrx_word' id='word_1_221' title='bbox 344 3237 533 3296; x_wconf 80' lang='lat' dir='ltr'>mania</span> <span class='ocrx_word' id='word_1_222' title='bbox 561 3239 707 3296; x_wconf 83' lang='lat' dir='ltr'>inter</span> <span class='ocrx_word' id='word_1_223' title='bbox 736 3238 875 3293; x_wconf 86' lang='lat' dir='ltr'>alias</span> <span class='ocrx_word' id='word_1_224' title='bbox 904 3253 1109 3311; x_wconf 74' lang='lat' dir='ltr'>emises,</span> <span class='ocrx_word' id='word_1_225' title='bbox 1143 3237 1269 3292; x_wconf 91' lang='lat' dir='ltr'>ideo</span> <span class='ocrx_word' id='word_1_226' title='bbox 1300 3237 1464 3294; x_wconf 78' lang='lat' dir='ltr'>fixior</span> <span class='ocrx_word' id='word_1_227' title='bbox 1494 3242 1578 3292; x_wconf 84' lang='lat' dir='ltr'>est</span> <span class='ocrx_word' id='word_1_228' title='bbox 1608 3237 1927 3293; x_wconf 80' lang='lat' dir='ltr'>scholastica</span> 
     </span>
     <span class='ocr_line' id='line_1_34' title="bbox 294 3324 1923 3401; baseline -0.002 -16"><span class='ocrx_word' id='word_1_229' title='bbox 294 3365 329 3394; x_wconf 69' lang='grc'>·,</span> <span class='ocrx_word' id='word_1_230' title='bbox 344 3327 713 3401; x_wconf 72' lang='lat' dir='ltr'>Pffilosophia,</span> <span class='ocrx_word' id='word_1_231' title='bbox 744 3325 895 3399; x_wconf 89' lang='lat' dir='ltr'>quod</span> <span class='ocrx_word' id='word_1_232' title='bbox 934 3343 1073 3400; x_wconf 85' lang='lat' dir='ltr'>sero,</span> <span class='ocrx_word' id='word_1_233' title='bbox 1118 3331 1177 3382; x_wconf 89' lang='lat' dir='ltr'>et</span> <span class='ocrx_word' id='word_1_234' title='bbox 1216 3341 1291 3382; x_wconf 88' lang='lat' dir='ltr'>ne</span> <span class='ocrx_word' id='word_1_235' title='bbox 1320 3342 1467 3381; x_wconf 89' lang='lat' dir='ltr'>nunc</span> <span class='ocrx_word' id='word_1_236' title='bbox 1506 3325 1729 3398; x_wconf 83' lang='lat' dir='ltr'>quidem</span> <span class='ocrx_word' id='word_1_237' title='bbox 1770 3324 1923 3398; x_wconf 67' lang='lat' dir='ltr'>satin,</span> 
     </span>
     <span class='ocr_line' id='line_1_35' title="bbox 344 3415 1473 3491; baseline -0.002 -19"><span class='ocrx_word' id='word_1_238' title='bbox 344 3417 653 3491; x_wconf 83' lang='lat' dir='ltr'>germanice</span> <span class='ocrx_word' id='word_1_239' title='bbox 686 3415 1059 3489; x_wconf 83' lang='lat' dir='ltr'>philosophari</span> <span class='ocrx_word' id='word_1_240' title='bbox 1088 3418 1344 3488; x_wconf 86' lang='lat' dir='ltr'>coeptum</span> <span class='ocrx_word' id='word_1_241' title='bbox 1372 3419 1473 3470; x_wconf 87' lang='lat' dir='ltr'>est.</span> 
     </span>
    </p>

    <p class='ocr_par' dir='ltr' id='par_1_5' title="bbox 272 3503 1929 5266">
     <span class='ocr_line' id='line_1_36' title="bbox 432 3503 1928 3576; baseline -0.002 -15"><span class='ocrx_word' id='word_1_242' title='bbox 432 3504 593 3561; x_wconf 85' lang='lat' dir='ltr'><strong>XIII.</strong></span> <span class='ocrx_word' id='word_1_243' title='bbox 636 3504 781 3561; x_wconf 90' lang='lat' dir='ltr'>Illud</span> <span class='ocrx_word' id='word_1_244' title='bbox 826 3507 1013 3560; x_wconf 88' lang='lat' dir='ltr'>tamen</span> <span class='ocrx_word' id='word_1_245' title='bbox 1054 3519 1290 3560; x_wconf 74' lang='lat' dir='ltr'>asserere</span> <span class='ocrx_word' id='word_1_246' title='bbox 1331 3503 1539 3576; x_wconf 85' lang='lat' dir='ltr'>ausim,</span> <span class='ocrx_word' id='word_1_247' title='bbox 1585 3503 1711 3559; x_wconf 89' lang='lat' dir='ltr'>huic</span> <span class='ocrx_word' id='word_1_248' title='bbox 1751 3505 1928 3559; x_wconf 80' lang='lat' dir='ltr'>tenta·</span> 
     </span>
     <span class='ocr_line' id='line_1_37' title="bbox 344 3591 1926 3667; baseline -0.002 -16"><span class='ocrx_word' id='word_1_249' title='bbox 344 3599 533 3650; x_wconf 87' lang='lat' dir='ltr'>mento</span> <span class='ocrx_word' id='word_1_250' title='bbox 563 3593 885 3667; x_wconf 71' lang='lat' dir='ltr'>probatorio</span> <span class='ocrx_word' id='word_1_251' title='bbox 916 3597 1081 3665; x_wconf 85' lang='lat' dir='ltr'>atque</span> <span class='ocrx_word' id='word_1_252' title='bbox 1110 3591 1367 3648; x_wconf 86' lang='lat' dir='ltr'>examine</span> <span class='ocrx_word' id='word_1_253' title='bbox 1398 3591 1926 3666; x_wconf 83' lang='lat' dir='ltr'>philosophematum</span> 
     </span>
     <span class='ocr_line' id='line_1_38' title="bbox 344 3680 1928 3757; baseline -0.002 -18"><span class='ocrx_word' id='word_1_254' title='bbox 344 3697 443 3757; x_wconf 81' lang='lat' dir='ltr'>per</span> <span class='ocrx_word' id='word_1_255' title='bbox 477 3683 723 3755; x_wconf 77' lang='lat' dir='ltr'>linguam</span> <span class='ocrx_word' id='word_1_256' title='bbox 763 3682 1005 3754; x_wconf 82' lang='lat' dir='ltr'>aliquam</span> <span class='ocrx_word' id='word_1_257' title='bbox 1040 3681 1254 3754; x_wconf 80' lang='lat' dir='ltr'>vivam,</span> <span class='ocrx_word' id='word_1_258' title='bbox 1308 3681 1517 3737; x_wconf 85' lang='lat' dir='ltr'>nullam</span> <span class='ocrx_word' id='word_1_259' title='bbox 1562 3697 1679 3737; x_wconf 87' lang='lat' dir='ltr'>esse</span> <span class='ocrx_word' id='word_1_260' title='bbox 1716 3680 1779 3736; x_wconf 88' lang='lat' dir='ltr'>in</span> <span class='ocrx_word' id='word_1_261' title='bbox 1816 3681 1928 3736; x_wconf 89' lang='lat' dir='ltr'>Eu·</span> 
     </span>
     <span class='ocr_line' id='line_1_39' title="bbox 344 3769 1928 3844; baseline -0.001 -17"><span class='ocrx_word' id='word_1_262' title='bbox 344 3787 483 3844; x_wconf 87' lang='lat' dir='ltr'>ropa</span> <span class='ocrx_word' id='word_1_263' title='bbox 520 3771 766 3844; x_wconf 80' lang='lat' dir='ltr'>linguam</span> <span class='ocrx_word' id='word_1_264' title='bbox 802 3770 1129 3826; x_wconf 74' lang='lat' dir='ltr'>Germanica</span> <span class='ocrx_word' id='word_1_265' title='bbox 1176 3769 1480 3842; x_wconf 80' lang='lat' dir='ltr'>aptiorem3</span> <span class='ocrx_word' id='word_1_266' title='bbox 1528 3769 1661 3842; x_wconf 84' lang='lat' dir='ltr'>quia</span> <span class='ocrx_word' id='word_1_267' title='bbox 1698 3770 1928 3826; x_wconf 82' lang='lat' dir='ltr'>Germa·-</span> 
     </span>
     <span class='ocr_line' id='line_1_40' title="bbox 344 3858 1926 3932; baseline -0.001 -16"><span class='ocrx_word' id='word_1_268' title='bbox 344 3859 471 3917; x_wconf 82' lang='lat' dir='ltr'>niea</span> <span class='ocrx_word' id='word_1_269' title='bbox 498 3860 559 3915; x_wconf 87' lang='lat' dir='ltr'>in</span> <span class='ocrx_word' id='word_1_270' title='bbox 586 3859 826 3917; x_wconf 88' lang='lat' dir='ltr'>realibus</span> <span class='ocrx_word' id='word_1_271' title='bbox 852 3858 1169 3932; x_wconf 87' lang='lat' dir='ltr'>plenissima</span> <span class='ocrx_word' id='word_1_272' title='bbox 1198 3861 1281 3914; x_wconf 83' lang='lat' dir='ltr'>est</span> <span class='ocrx_word' id='word_1_273' title='bbox 1318 3863 1377 3914; x_wconf 90' lang='lat' dir='ltr'>et</span> <span class='ocrx_word' id='word_1_274' title='bbox 1414 3859 1823 3932; x_wconf 83' lang='lat' dir='ltr'>perfectissima,</span> <span class='ocrx_word' id='word_1_275' title='bbox 1841 3858 1926 3915; x_wconf 64' lang='lat' dir='ltr'>‚ad</span> 
     </span>
     <span class='ocr_line' id='line_1_41' title="bbox 344 3947 1927 4020; baseline -0.002 -15"><span class='ocrx_word' id='word_1_276' title='bbox 344 3949 613 4006; x_wconf 84' lang='lat' dir='ltr'>invidiam</span> <span class='ocrx_word' id='word_1_277' title='bbox 639 3947 891 4005; x_wconf 89' lang='lat' dir='ltr'>omnium</span> <span class='ocrx_word' id='word_1_278' title='bbox 916 3951 1269 4020; x_wconf 84' lang='lat' dir='ltr'>caeterarum,</span> <span class='ocrx_word' id='word_1_279' title='bbox 1298 3963 1471 4020; x_wconf 89' lang='lat' dir='ltr'>quum</span> <span class='ocrx_word' id='word_1_280' title='bbox 1497 3952 1643 4003; x_wconf 87' lang='lat' dir='ltr'>artes</span> <span class='ocrx_word' id='word_1_281' title='bbox 1670 3947 1841 4004; x_wconf 82' lang='lat' dir='ltr'>reales</span> <span class='ocrx_word' id='word_1_282' title='bbox 1869 3951 1927 4003; x_wconf 88' lang='lat' dir='ltr'>et</span> 
     </span>
     <span class='ocr_line' id='line_1_42' title="bbox 344 4035 1924 4108; baseline -0.002 -14"><span class='ocrx_word' id='word_1_283' title='bbox 344 4037 689 4094; x_wconf 83' lang='lat' dir='ltr'>mechanicae</span> <span class='ocrx_word' id='word_1_284' title='bbox 714 4053 751 4094; x_wconf 88' lang='lat' dir='ltr'>a</span> <span class='ocrx_word' id='word_1_285' title='bbox 778 4037 967 4093; x_wconf 78' lang='lat' dir='ltr'>multis</span> <span class='ocrx_word' id='word_1_286' title='bbox 992 4035 1188 4092; x_wconf 87' lang='lat' dir='ltr'>seculis</span> <span class='ocrx_word' id='word_1_287' title='bbox 1214 4052 1251 4092; x_wconf 86' lang='lat' dir='ltr'>a</span> <span class='ocrx_word' id='word_1_288' title='bbox 1278 4035 1432 4092; x_wconf 85' lang='lat' dir='ltr'>nulla</span> <span class='ocrx_word' id='word_1_289' title='bbox 1459 4039 1621 4108; x_wconf 78' lang='lat' dir='ltr'>gente</span> <span class='ocrx_word' id='word_1_290' title='bbox 1659 4035 1773 4091; x_wconf 88' lang='lat' dir='ltr'>sint</span> <span class='ocrx_word' id='word_1_291' title='bbox 1798 4036 1924 4092; x_wconf 88' lang='lat' dir='ltr'>dili·</span> 
     </span>
     <span class='ocr_line' id='line_1_43' title="bbox 346 4123 1927 4200; baseline 0 -20"><span class='ocrx_word' id='word_1_292' title='bbox 346 4126 563 4200; x_wconf 74' lang='lat' dir='ltr'>gentius</span> <span class='ocrx_word' id='word_1_293' title='bbox 588 4126 857 4198; x_wconf 82' lang='lat' dir='ltr'>excultae,</span> <span class='ocrx_word' id='word_1_294' title='bbox 882 4141 1053 4198; x_wconf 88' lang='lat' dir='ltr'>usque</span> <span class='ocrx_word' id='word_1_295' title='bbox 1072 4125 1211 4181; x_wconf 87' lang='lat' dir='ltr'>adeo</span> <span class='ocrx_word' id='word_1_296' title='bbox 1240 4129 1304 4182; x_wconf 87' lang='lat' dir='ltr'>ut</span> <span class='ocrx_word' id='word_1_297' title='bbox 1324 4124 1431 4197; x_wconf 80' lang='lat' dir='ltr'>ipsi</span> <span class='ocrx_word' id='word_1_298' title='bbox 1458 4125 1669 4180; x_wconf 86' lang='lat' dir='ltr'>Turcae</span> <span class='ocrx_word' id='word_1_299' title='bbox 1696 4123 1757 4178; x_wconf 88' lang='lat' dir='ltr'>in</span> <span class='ocrx_word' id='word_1_300' title='bbox 1786 4124 1927 4180; x_wconf 79' lang='lat' dir='ltr'>fodi-</span> 
     </span>
     <span class='ocr_line' id='line_1_44' title="bbox 344 4212 1926 4286; baseline -0.002 -14"><span class='ocrx_word' id='word_1_301' title='bbox 344 4216 435 4272; x_wconf 85' lang='lat' dir='ltr'>nis</span> <span class='ocrx_word' id='word_1_302' title='bbox 461 4214 723 4272; x_wconf 73' lang='lat' dir='ltr'>Graeciae</span> <span class='ocrx_word' id='word_1_303' title='bbox 748 4217 807 4270; x_wconf 87' lang='lat' dir='ltr'>et</span> <span class='ocrx_word' id='word_1_304' title='bbox 834 4213 1001 4270; x_wconf 83' lang='lat' dir='ltr'>Asiae</span> <span class='ocrx_word' id='word_1_305' title='bbox 1028 4213 1277 4286; x_wconf 88' lang='lat' dir='ltr'>minoris,</span> <span class='ocrx_word' id='word_1_306' title='bbox 1316 4212 1600 4270; x_wconf 82' lang='lat' dir='ltr'>vocabulis</span> <span class='ocrx_word' id='word_1_307' title='bbox 1640 4212 1926 4269; x_wconf 76' lang='lat' dir='ltr'>metallicis</span> 
     </span>
     <span class='ocr_line' id='line_1_45' title="bbox 344 4300 1927 4360; baseline -0.003 0"><span class='ocrx_word' id='word_1_308' title='bbox 344 4303 747 4360; x_wconf 81' lang='lat' dir='ltr'>Germanomm</span> <span class='ocrx_word' id='word_1_309' title='bbox 774 4307 1015 4360; x_wconf 85' lang='lat' dir='ltr'>utantur.</span> <span class='ocrx_word' id='word_1_310' title='bbox 1058 4303 1263 4359; x_wconf 79' lang='lat' dir='ltr'>Contra</span> <span class='ocrx_word' id='word_1_311' title='bbox 1304 4301 1376 4358; x_wconf 89' lang='lat' dir='ltr'>ad</span> <span class='ocrx_word' id='word_1_312' title='bbox 1414 4300 1791 4357; x_wconf 85' lang='lat' dir='ltr'>commentitia</span> <span class='ocrx_word' id='word_1_313' title='bbox 1828 4317 1927 4357; x_wconf 82' lang='lat' dir='ltr'>ex-</span> 
     </span>
     <span class='ocr_line' id='line_1_46' title="bbox 344 4389 1922 4466; baseline -0.003 -17"><span class='ocrx_word' id='word_1_314' title='bbox 344 4392 634 4466; x_wconf 83' lang='lat' dir='ltr'>primenda</span> <span class='ocrx_word' id='word_1_315' title='bbox 660 4393 851 4464; x_wconf 79' lang='lat' dir='ltr'>lingua</span> <span class='ocrx_word' id='word_1_316' title='bbox 878 4392 1205 4448; x_wconf 83' lang='lat' dir='ltr'>Germanica</span> <span class='ocrx_word' id='word_1_317' title='bbox 1242 4394 1327 4446; x_wconf 71' lang='lat' dir='ltr'>oet</span> <span class='ocrx_word' id='word_1_318' title='bbox 1364 4390 1523 4446; x_wconf 80' lang='lat' dir='ltr'>facile</span> <span class='ocrx_word' id='word_1_319' title='bbox 1562 4389 1922 4464; x_wconf 74' lang='lat' dir='ltr'>ineptissima,</span> 
     </span>
     <span class='ocr_line' id='line_1_47' title="bbox 346 4478 1927 4555; baseline -0.003 -17"><span class='ocrx_word' id='word_1_320' title='bbox 346 4483 511 4555; x_wconf 81' lang='lat' dir='ltr'>longe</span> <span class='ocrx_word' id='word_1_321' title='bbox 536 4481 757 4554; x_wconf 88' lang='lat' dir='ltr'>quidem</span> <span class='ocrx_word' id='word_1_322' title='bbox 784 4480 998 4536; x_wconf 85' lang='lat' dir='ltr'>Gallica</span> <span class='ocrx_word' id='word_1_323' title='bbox 1025 4481 1323 4550; x_wconf 86' lang='lat' dir='ltr'>Italicaque</span> <span class='ocrx_word' id='word_1_324' title='bbox 1350 4483 1407 4534; x_wconf 85' lang='lat' dir='ltr'>et</span> <span class='ocrx_word' id='word_1_325' title='bbox 1444 4478 1671 4534; x_wconf 85' lang='lat' dir='ltr'>caeteris</span> <span class='ocrx_word' id='word_1_326' title='bbox 1697 4479 1927 4534; x_wconf 84' lang='lat' dir='ltr'>Latinae</span> 
     </span>
     <span class='ocr_line' id='line_1_48' title="bbox 346 4566 1928 4644; baseline -0.002 -17"><span class='ocrx_word' id='word_1_327' title='bbox 346 4569 743 4644; x_wconf 78' lang='lat' dir='ltr'>propaginibus</span> <span class='ocrx_word' id='word_1_328' title='bbox 760 4569 1030 4644; x_wconf 75' lang='lat' dir='ltr'>ineptior-⁰,</span> <span class='ocrx_word' id='word_1_329' title='bbox 1058 4569 1191 4642; x_wconf 84' lang='lat' dir='ltr'>quia</span> <span class='ocrx_word' id='word_1_330' title='bbox 1208 4567 1271 4624; x_wconf 91' lang='lat' dir='ltr'>in</span> <span class='ocrx_word' id='word_1_331' title='bbox 1289 4566 1517 4624; x_wconf 83' lang='lat' dir='ltr'>Latinae</span> <span class='ocrx_word' id='word_1_332' title='bbox 1536 4566 1770 4641; x_wconf 79' lang='lat' dir='ltr'>filiabus,</span> <span class='ocrx_word' id='word_1_333' title='bbox 1792 4583 1928 4624; x_wconf 84' lang='lat' dir='ltr'>voce</span> 
     </span>
     <span class='ocr_line' id='line_1_49' title="bbox 272 4646 1929 4728; baseline -0.003 -11"><span class='ocrx_word' id='word_1_334' title='bbox 272 4646 285 4656; x_wconf 87' lang='grc'><em>“</em></span> <span class='ocrx_word' id='word_1_335' title='bbox 346 4659 825 4716; x_wconf 63' lang='lat' dir='ltr'>hano-barm</span> <span class='ocrx_word' id='word_1_336' title='bbox 876 4657 1071 4714; x_wconf 73' lang='lat' dir='ltr'>leviter</span> <span class='ocrx_word' id='word_1_337' title='bbox 1120 4657 1355 4728; x_wconf 65' lang='lat' dir='ltr'>annexa,</span> <span class='ocrx_word' id='word_1_338' title='bbox 1385 4655 1575 4710; x_wconf 68' lang='lat' dir='ltr'>mam</span> <span class='ocrx_word' id='word_1_339' title='bbox 1612 4657 1676 4712; x_wconf 76' lang='lat' dir='ltr'>fit</span> <span class='ocrx_word' id='word_1_340' title='bbox 1716 4656 1929 4713; x_wconf 77' lang='lat' dir='ltr'>Gallica</span> 
     </span>
     <span class='ocr_line' id='line_1_50' title="bbox 348 4744 1928 4819; baseline -0.002 -14"><span class='ocrx_word' id='word_1_341' title='bbox 348 4753 447 4805; x_wconf 81' lang='lat' dir='ltr'>aut</span> <span class='ocrx_word' id='word_1_342' title='bbox 484 4748 675 4805; x_wconf 80' lang='lat' dir='ltr'>Italica</span> <span class='ocrx_word' id='word_1_343' title='bbox 722 4763 867 4804; x_wconf 87' lang='lat' dir='ltr'>non·</span> <span class='ocrx_word' id='word_1_344' title='bbox 881 4747 1146 4818; x_wconf 82' lang='lat' dir='ltr'>barbara,</span> <span class='ocrx_word' id='word_1_345' title='bbox 1194 4744 1343 4800; x_wconf 84' lang='lat' dir='ltr'>unde</span> <span class='ocrx_word' id='word_1_346' title='bbox 1381 4749 1438 4800; x_wconf 86' lang='lat' dir='ltr'>et</span> <span class='ocrx_word' id='word_1_347' title='bbox 1478 4745 1653 4801; x_wconf 86' lang='lat' dir='ltr'>multa</span> <span class='ocrx_word' id='word_1_348' title='bbox 1690 4746 1928 4819; x_wconf 87' lang='lat' dir='ltr'>philoso-</span> 
     </span>
     <span class='ocr_line' id='line_1_51' title="bbox 347 4833 1928 4912; baseline -0.003 -17"><span class='ocrx_word' id='word_1_349' title='bbox 347 4837 510 4912; x_wconf 86' lang='lat' dir='ltr'>phiae</span> <span class='ocrx_word' id='word_1_350' title='bbox 534 4837 884 4894; x_wconf 74' lang='lat' dir='ltr'>scholastioee</span> <span class='ocrx_word' id='word_1_351' title='bbox 912 4836 973 4890; x_wconf 90' lang='lat' dir='ltr'>in</span> <span class='ocrx_word' id='word_1_352' title='bbox 1010 4833 1285 4889; x_wconf 81' lang='lat' dir='ltr'>Gallicum</span> <span class='ocrx_word' id='word_1_353' title='bbox 1321 4834 1811 4907; x_wconf 76' lang='lat' dir='ltr'>quomodocunque</span> <span class='ocrx_word' id='word_1_354' title='bbox 1844 4838 1928 4890; x_wconf 84' lang='lat' dir='ltr'>ta-</span> 
     </span>
     <span class='ocr_line' id='line_1_52' title="bbox 346 4920 1927 4996; baseline -0.003 -12"><span class='ocrx_word' id='word_1_355' title='bbox 346 4943 479 4984; x_wconf 84' lang='lat' dir='ltr'>men</span> <span class='ocrx_word' id='word_1_356' title='bbox 505 4926 773 4983; x_wconf 81' lang='lat' dir='ltr'>translata</span> <span class='ocrx_word' id='word_1_357' title='bbox 798 4925 1107 4996; x_wconf 77' lang='lat' dir='ltr'>habentur3.</span> <span class='ocrx_word' id='word_1_358' title='bbox 1126 4920 1189 4977; x_wconf 77' lang='lat' dir='ltr'>at</span> <span class='ocrx_word' id='word_1_359' title='bbox 1214 4920 1280 4978; x_wconf 91' lang='lat' dir='ltr'>in</span> <span class='ocrx_word' id='word_1_360' title='bbox 1304 4922 1603 4978; x_wconf 82' lang='lat' dir='ltr'>Germania</span> <span class='ocrx_word' id='word_1_361' title='bbox 1640 4939 1805 4979; x_wconf 89' lang='lat' dir='ltr'>nemo</span> <span class='ocrx_word' id='word_1_362' title='bbox 1832 4923 1927 4979; x_wconf 84' lang='lat' dir='ltr'>ha-</span> 
     </span>
     <span class='ocr_line' id='line_1_53' title="bbox 348 5009 1925 5087; baseline -0.003 -15"><span class='ocrx_word' id='word_1_363' title='bbox 348 5019 537 5072; x_wconf 85' lang='lat' dir='ltr'>ctenus</span> <span class='ocrx_word' id='word_1_364' title='bbox 565 5015 677 5071; x_wconf 85' lang='lat' dir='ltr'>tale</span> <span class='ocrx_word' id='word_1_365' title='bbox 702 5013 1013 5087; x_wconf 86' lang='lat' dir='ltr'>quiequam,</span> <span class='ocrx_word' id='word_1_366' title='bbox 1042 5009 1151 5065; x_wconf 86' lang='lat' dir='ltr'>nisi</span> <span class='ocrx_word' id='word_1_367' title='bbox 1169 5010 1419 5068; x_wconf 88' lang='lat' dir='ltr'>omnium</span> <span class='ocrx_word' id='word_1_368' title='bbox 1446 5011 1623 5068; x_wconf 90' lang='lat' dir='ltr'>sibilis</span> <span class='ocrx_word' id='word_1_369' title='bbox 1650 5015 1925 5085; x_wconf 79' lang='lat' dir='ltr'>exceptus,</span> 
     </span>
     <span class='ocr_line' id='line_1_54' title="bbox 350 5099 1926 5160; baseline -0.003 0"><span class='ocrx_word' id='word_1_370' title='bbox 350 5103 599 5160; x_wconf 78' lang='lat' dir='ltr'>tentavit.</span> <span class='ocrx_word' id='word_1_371' title='bbox 664 5101 775 5160; x_wconf 86' lang='lat' dir='ltr'>Sed</span> <span class='ocrx_word' id='word_1_372' title='bbox 800 5101 849 5156; x_wconf 88' lang='lat' dir='ltr'>si</span> <span class='ocrx_word' id='word_1_373' title='bbox 884 5099 1150 5156; x_wconf 84' lang='lat' dir='ltr'>terminos</span> <span class='ocrx_word' id='word_1_374' title='bbox 1175 5099 1403 5160; x_wconf 86' lang='lat' dir='ltr'>Latinos</span> <span class='ocrx_word' id='word_1_375' title='bbox 1438 5100 1673 5157; x_wconf 84' lang='lat' dir='ltr'>retinere</span> <span class='ocrx_word' id='word_1_376' title='bbox 1708 5103 1807 5157; x_wconf 86' lang='lat' dir='ltr'>aut</span> <span class='ocrx_word' id='word_1_377' title='bbox 1834 5101 1926 5157; x_wconf 88' lang='lat' dir='ltr'>de-</span> 
     </span>
     <span class='ocr_line' id='line_1_55' title="bbox 352 5188 1920 5266; baseline -0.001 -18"><span class='ocrx_word' id='word_1_378' title='bbox 352 5209 589 5266; x_wconf 85' lang='lat' dir='ltr'>orquere</span> <span class='ocrx_word' id='word_1_379' title='bbox 613 5190 882 5248; x_wconf 76' lang='lat' dir='ltr'>voluisset</span> <span class='ocrx_word' id='word_1_380' title='bbox 920 5189 1141 5264; x_wconf 47' lang='lat' dir='ltr'>aliquia</span> <span class='ocrx_word' id='word_1_381' title='bbox 1187 5189 1293 5246; x_wconf 87' lang='lat' dir='ltr'>hoc</span> <span class='ocrx_word' id='word_1_382' title='bbox 1320 5188 1446 5261; x_wconf 84' lang='lat' dir='ltr'>jam</span> <span class='ocrx_word' id='word_1_383' title='bbox 1484 5193 1605 5246; x_wconf 82' lang='lat' dir='ltr'>erat</span> <span class='ocrx_word' id='word_1_384' title='bbox 1646 5205 1761 5249; x_wconf 88' lang='lat' dir='ltr'>non</span> <span class='ocrx_word' id='word_1_385' title='bbox 1788 5191 1920 5246; x_wconf 87' lang='lat' dir='ltr'>Ger-</span> 
     </span>
    </p>
   </div>
   <div class='ocr_carea' id='block_1_5' title="bbox 2017 572 3608 1359">
    <p class='ocr_par' dir='ltr' id='par_1_6' title="bbox 2017 572 3608 1359">
     <span class='ocr_line' id='line_1_56' title="bbox 2018 572 3606 646; baseline -0.001 -15"><span class='ocrx_word' id='word_1_386' title='bbox 2018 576 2136 631; x_wconf 86' lang='lat' dir='ltr'>lum</span> <span class='ocrx_word' id='word_1_387' title='bbox 2162 588 2324 631; x_wconf 86' lang='lat' dir='ltr'>usum</span> <span class='ocrx_word' id='word_1_388' title='bbox 2351 588 2452 629; x_wconf 79' lang='lat' dir='ltr'>nec</span> <span class='ocrx_word' id='word_1_389' title='bbox 2479 572 2818 630; x_wconf 83' lang='lat' dir='ltr'>intellectum</span> <span class='ocrx_word' id='word_1_390' title='bbox 2856 572 3046 629; x_wconf 79' lang='lat' dir='ltr'>fuisset</span> <span class='ocrx_word' id='word_1_391' title='bbox 3071 590 3108 629; x_wconf 89' lang='lat' dir='ltr'>a</span> <span class='ocrx_word' id='word_1_392' title='bbox 3133 590 3414 646; x_wconf 86' lang='lat' dir='ltr'>quoquam</span> <span class='ocrx_word' id='word_1_393' title='bbox 3452 572 3606 629; x_wconf 82' lang='lat' dir='ltr'>Lati-</span> 
     </span>
     <span class='ocr_line' id='line_1_57' title="bbox 2019 662 3604 737; baseline -0.001 -18"><span class='ocrx_word' id='word_1_394' title='bbox 2019 664 2210 720; x_wconf 79' lang='lat' dir='ltr'>nitatis</span> <span class='ocrx_word' id='word_1_395' title='bbox 2261 662 2540 735; x_wconf 64' lang='lat' dir='ltr'>imlaerito,</span> <span class='ocrx_word' id='word_1_396' title='bbox 2590 662 2722 737; x_wconf 82' lang='lat' dir='ltr'>quia</span> <span class='ocrx_word' id='word_1_397' title='bbox 2769 662 3098 719; x_wconf 80' lang='lat' dir='ltr'>Germanica</span> <span class='ocrx_word' id='word_1_398' title='bbox 3145 678 3184 717; x_wconf 89' lang='lat' dir='ltr'>a</span> <span class='ocrx_word' id='word_1_399' title='bbox 3229 662 3431 719; x_wconf 84' lang='lat' dir='ltr'>Latina</span> <span class='ocrx_word' id='word_1_400' title='bbox 3477 666 3604 718; x_wconf 82' lang='lat' dir='ltr'>toto</span> 
     </span>
     <span class='ocr_line' id='line_1_58' title="bbox 2017 750 3602 826; baseline -0.001 -17"><span class='ocrx_word' id='word_1_401' title='bbox 2017 752 2174 809; x_wconf 86' lang='lat' dir='ltr'>coelo</span> <span class='ocrx_word' id='word_1_402' title='bbox 2213 750 2402 826; x_wconf 84' lang='lat' dir='ltr'>distat,</span> <span class='ocrx_word' id='word_1_403' title='bbox 2444 750 3602 823; x_wconf 61' lang='lat' dir='ltr'>quodseeusestinltalicaGallicaffln.</span> 
     </span>
     <span class='ocr_line' id='line_1_59' title="bbox 2018 839 3604 914; baseline -0.001 -16"><span class='ocrx_word' id='word_1_404' title='bbox 2018 842 2202 914; x_wconf 79' lang='lat' dir='ltr'>Atque</span> <span class='ocrx_word' id='word_1_405' title='bbox 2227 840 2361 896; x_wconf 87' lang='lat' dir='ltr'>haec</span> <span class='ocrx_word' id='word_1_406' title='bbox 2397 855 2564 895; x_wconf 87' lang='lat' dir='ltr'>causa</span> <span class='ocrx_word' id='word_1_407' title='bbox 2589 839 2698 896; x_wconf 82' lang='lat' dir='ltr'>fuit</span> <span class='ocrx_word' id='word_1_408' title='bbox 2723 839 3096 913; x_wconf 82' lang='lat' dir='ltr'>phliosophiae</span> <span class='ocrx_word' id='word_1_409' title='bbox 3121 840 3272 914; x_wconf 82' lang='lat' dir='ltr'>apud</span> <span class='ocrx_word' id='word_1_410' title='bbox 3297 856 3402 897; x_wconf 82' lang='lat' dir='ltr'>nos</span> <span class='ocrx_word' id='word_1_411' title='bbox 3427 839 3604 896; x_wconf 74' lang='lat' dir='ltr'>serim</span> 
     </span>
     <span class='ocr_line' id='line_1_60' title="bbox 2017 928 3606 1003; baseline -0.001 -17"><span class='ocrx_word' id='word_1_412' title='bbox 2017 929 2308 987; x_wconf 74' lang='lat' dir='ltr'>vernamlo</span> <span class='ocrx_word' id='word_1_413' title='bbox 2343 943 2596 985; x_wconf 69' lang='lat' dir='ltr'>soemone</span> <span class='ocrx_word' id='word_1_414' title='bbox 2631 931 2912 1002; x_wconf 72' lang='lat' dir='ltr'>tractatoe,</span> <span class='ocrx_word' id='word_1_415' title='bbox 2955 928 3088 1001; x_wconf 80' lang='lat' dir='ltr'>quia</span> <span class='ocrx_word' id='word_1_416' title='bbox 3123 928 3339 1003; x_wconf 77' lang='lat' dir='ltr'>Lingua</span> <span class='ocrx_word' id='word_1_417' title='bbox 3370 930 3606 985; x_wconf 83' lang='lat' dir='ltr'>Germa-</span> 
     </span>
     <span class='ocr_line' id='line_1_61' title="bbox 2017 1016 3605 1091; baseline -0.002 -15"><span class='ocrx_word' id='word_1_418' title='bbox 2017 1016 3605 1091; x_wconf 55' lang='lat' dir='ltr'>nicanonapliilosophiaquidenuabarbamtamen</span> 
     </span>
     <span class='ocr_line' id='line_1_62' title="bbox 2019 1106 3608 1182; baseline 0 -19"><span class='ocrx_word' id='word_1_419' title='bbox 2019 1106 2360 1182; x_wconf 76' lang='lat' dir='ltr'>philosophia</span> <span class='ocrx_word' id='word_1_420' title='bbox 2385 1106 2686 1179; x_wconf 81' lang='lat' dir='ltr'>abhorruit,</span> <span class='ocrx_word' id='word_1_421' title='bbox 2717 1120 2888 1177; x_wconf 83' lang='lat' dir='ltr'>quum</span> <span class='ocrx_word' id='word_1_422' title='bbox 2932 1122 3064 1163; x_wconf 83' lang='lat' dir='ltr'>vero</span> <span class='ocrx_word' id='word_1_423' title='bbox 3099 1106 3338 1164; x_wconf 82' lang='lat' dir='ltr'>barbara</span> <span class='ocrx_word' id='word_1_424' title='bbox 3363 1106 3608 1180; x_wconf 86' lang='lat' dir='ltr'>philoso-</span> 
     </span>
     <span class='ocr_line' id='line_1_63' title="bbox 2017 1194 3602 1271; baseline -0.001 -18"><span class='ocrx_word' id='word_1_425' title='bbox 2017 1196 2224 1271; x_wconf 83' lang='lat' dir='ltr'>phandi</span> <span class='ocrx_word' id='word_1_426' title='bbox 2263 1194 2407 1251; x_wconf 88' lang='lat' dir='ltr'>ratio</span> <span class='ocrx_word' id='word_1_427' title='bbox 2444 1210 2568 1252; x_wconf 86' lang='lat' dir='ltr'>sero</span> <span class='ocrx_word' id='word_1_428' title='bbox 2606 1194 2681 1250; x_wconf 86' lang='lat' dir='ltr'>sit</span> <span class='ocrx_word' id='word_1_429' title='bbox 2720 1194 2896 1269; x_wconf 85' lang='lat' dir='ltr'>pulsa,</span> <span class='ocrx_word' id='word_1_430' title='bbox 2927 1195 3602 1268; x_wconf 64' lang='lat' dir='ltr'>adrumetiamnonest,</span> 
     </span>
     <span class='ocr_line' id='line_1_64' title="bbox 2019 1283 3608 1359; baseline 0 -18"><span class='ocrx_word' id='word_1_431' title='bbox 2019 1284 2390 1359; x_wconf 73' lang='lat' dir='ltr'>tardigradam</span> <span class='ocrx_word' id='word_1_432' title='bbox 2449 1284 2512 1339; x_wconf 88' lang='lat' dir='ltr'>in</span> <span class='ocrx_word' id='word_1_433' title='bbox 2559 1283 2992 1358; x_wconf 80' lang='lat' dir='ltr'>philosophando</span> <span class='ocrx_word' id='word_1_434' title='bbox 3051 1289 3298 1342; x_wconf 79' lang='lat' dir='ltr'>nostram</span> <span class='ocrx_word' id='word_1_435' title='bbox 3355 1285 3608 1358; x_wconf 71' lang='lat' dir='ltr'>lingmm</span> 
     </span>
    </p>
   </div>
   <div class='ocr_carea' id='block_1_6' title="bbox 2002 1374 2200 1457">
    <p class='ocr_par' dir='ltr' id='par_1_7' title="bbox 2002 1374 2200 1457">
     <span class='ocr_line' id='line_1_65' title="bbox 2002 1374 2200 1457; baseline 0 -25"><span class='ocrx_word' id='word_1_436' title='bbox 2002 1374 2200 1457; x_wconf 33' lang='lat' dir='ltr'>‘misse</span> 
     </span>
    </p>
   </div>
   <div class='ocr_carea' id='block_1_7' title="bbox 2017 1460 3635 5269">
    <p class='ocr_par' dir='ltr' id='par_1_8' title="bbox 2017 1460 3626 3400">
     <span class='ocr_line' id='line_1_66' title="bbox 2105 1460 3608 1534; baseline -0.001 -15"><span class='ocrx_word' id='word_1_437' title='bbox 2105 1462 2261 1519; x_wconf 78' lang='lat' dir='ltr'>xlv.</span> <span class='ocrx_word' id='word_1_438' title='bbox 2303 1461 2468 1527; x_wconf 88' lang='lat' dir='ltr'>Quod</span> <span class='ocrx_word' id='word_1_439' title='bbox 2495 1460 2566 1517; x_wconf 88' lang='lat' dir='ltr'>de</span> <span class='ocrx_word' id='word_1_440' title='bbox 2591 1460 2940 1534; x_wconf 84' lang='lat' dir='ltr'>Germanica,</span> <span class='ocrx_word' id='word_1_441' title='bbox 2969 1460 3119 1517; x_wconf 88' lang='lat' dir='ltr'>idem</span> <span class='ocrx_word' id='word_1_442' title='bbox 3147 1462 3218 1519; x_wconf 89' lang='lat' dir='ltr'>de</span> <span class='ocrx_word' id='word_1_443' title='bbox 3243 1461 3608 1518; x_wconf 77' lang='lat' dir='ltr'>Germanicae</span> 
     </span>
     <span class='ocr_line' id='line_1_67' title="bbox 2018 1549 3608 1625; baseline -0.001 -17"><span class='ocrx_word' id='word_1_444' title='bbox 2018 1551 2236 1608; x_wconf 82' lang='lat' dir='ltr'>filiabus</span> <span class='ocrx_word' id='word_1_445' title='bbox 2277 1550 2528 1622; x_wconf 81' lang='lat' dir='ltr'>Suedioa,</span> <span class='ocrx_word' id='word_1_446' title='bbox 2585 1550 2815 1625; x_wconf 85' lang='lat' dir='ltr'>Danica‚</span> <span class='ocrx_word' id='word_1_447' title='bbox 2856 1549 3105 1623; x_wconf 83' lang='lat' dir='ltr'>Anglica,</span> <span class='ocrx_word' id='word_1_448' title='bbox 3146 1551 3381 1624; x_wconf 78' lang='lat' dir='ltr'>Belgica,</span> <span class='ocrx_word' id='word_1_449' title='bbox 3421 1551 3608 1607; x_wconf 84' lang='lat' dir='ltr'>dicen·-</span> 
     </span>
     <span class='ocr_line' id='line_1_68' title="bbox 2019 1638 3608 1713; baseline -0.003 -16"><span class='ocrx_word' id='word_1_450' title='bbox 2019 1640 2153 1697; x_wconf 88' lang='lat' dir='ltr'>dum</span> <span class='ocrx_word' id='word_1_451' title='bbox 2187 1642 2301 1712; x_wconf 84' lang='lat' dir='ltr'>est,</span> <span class='ocrx_word' id='word_1_452' title='bbox 2343 1638 2452 1694; x_wconf 87' lang='lat' dir='ltr'>nisi</span> <span class='ocrx_word' id='word_1_453' title='bbox 2493 1639 2644 1711; x_wconf 88' lang='lat' dir='ltr'>quod</span> <span class='ocrx_word' id='word_1_454' title='bbox 2681 1639 2956 1712; x_wconf 78' lang='lat' dir='ltr'>Belgicam</span> <span class='ocrx_word' id='word_1_455' title='bbox 2991 1642 3160 1711; x_wconf 75' lang='lat' dir='ltr'>atque</span> <span class='ocrx_word' id='word_1_456' title='bbox 3199 1638 3490 1713; x_wconf 81' lang='lat' dir='ltr'>Anglieam</span> <span class='ocrx_word' id='word_1_457' title='bbox 3541 1640 3608 1693; x_wconf 89' lang='lat' dir='ltr'>in</span> 
     </span>
     <span class='ocr_line' id='line_1_69' title="bbox 2017 1727 3612 1801; baseline -0.001 -16"><span class='ocrx_word' id='word_1_458' title='bbox 2017 1727 2383 1785; x_wconf 76' lang='lat' dir='ltr'>admittendis</span> <span class='ocrx_word' id='word_1_459' title='bbox 2415 1728 2650 1784; x_wconf 84' lang='lat' dir='ltr'>aliarum</span> <span class='ocrx_word' id='word_1_460' title='bbox 2698 1728 3010 1800; x_wconf 81' lang='lat' dir='ltr'>linguarum</span> <span class='ocrx_word' id='word_1_461' title='bbox 3045 1728 3327 1786; x_wconf 82' lang='lat' dir='ltr'>vocabulis</span> <span class='ocrx_word' id='word_1_462' title='bbox 3365 1728 3487 1801; x_wconf 84' lang='lat' dir='ltr'>ipsa</span> <span class='ocrx_word' id='word_1_463' title='bbox 3523 1728 3612 1783; x_wconf 82' lang='lat' dir='ltr'>vi·</span> 
     </span>
     <span class='ocr_line' id='line_1_70' title="bbox 2019 1816 3612 1891; baseline -0.001 -17"><span class='ocrx_word' id='word_1_464' title='bbox 2019 1817 2216 1875; x_wconf 83' lang='lat' dir='ltr'>ciuitas</span> <span class='ocrx_word' id='word_1_465' title='bbox 2244 1816 2560 1874; x_wconf 75' lang='lat' dir='ltr'>audaciore·</span> <span class='ocrx_word' id='word_1_466' title='bbox 2589 1816 2735 1889; x_wconf 79' lang='lat' dir='ltr'>fecit,</span> <span class='ocrx_word' id='word_1_467' title='bbox 2765 1832 2938 1889; x_wconf 85' lang='lat' dir='ltr'>quum</span> <span class='ocrx_word' id='word_1_468' title='bbox 2973 1821 3167 1873; x_wconf 86' lang='lat' dir='ltr'>eontra</span> <span class='ocrx_word' id='word_1_469' title='bbox 3201 1817 3352 1891; x_wconf 87' lang='lat' dir='ltr'>apud</span> <span class='ocrx_word' id='word_1_470' title='bbox 3375 1818 3612 1873; x_wconf 84' lang='lat' dir='ltr'>Germa-</span> 
     </span>
     <span class='ocr_line' id='line_1_71' title="bbox 2021 1905 3614 1979; baseline -0.001 -16"><span class='ocrx_word' id='word_1_471' title='bbox 2021 1924 2142 1979; x_wconf 90' lang='lat' dir='ltr'>nos,</span> <span class='ocrx_word' id='word_1_472' title='bbox 2173 1905 2393 1963; x_wconf 76' lang='lat' dir='ltr'>tametsi</span> <span class='ocrx_word' id='word_1_473' title='bbox 2421 1905 2852 1962; x_wconf 68' lang='lat' dir='ltr'>Stiiolasticasui</span> <span class='ocrx_word' id='word_1_474' title='bbox 2889 1905 3134 1979; x_wconf 85' lang='lat' dir='ltr'>quidam,</span> <span class='ocrx_word' id='word_1_475' title='bbox 3173 1910 3274 1963; x_wconf 85' lang='lat' dir='ltr'>aut</span> <span class='ocrx_word' id='word_1_476' title='bbox 3298 1906 3614 1979; x_wconf 86' lang='lat' dir='ltr'>peregrina</span> 
     </span>
     <span class='ocr_line' id='line_1_72' title="bbox 2021 1993 3614 2068; baseline -0.001 -16"><span class='ocrx_word' id='word_1_477' title='bbox 2021 1994 2216 2053; x_wconf 78' lang='lat' dir='ltr'>tomuli</span> <span class='ocrx_word' id='word_1_478' title='bbox 2255 1994 2421 2049; x_wconf 86' lang='lat' dir='ltr'>meris</span> <span class='ocrx_word' id='word_1_479' title='bbox 2457 1993 2792 2068; x_wconf 84' lang='lat' dir='ltr'>Latinismis,</span> <span class='ocrx_word' id='word_1_480' title='bbox 2831 1994 3142 2053; x_wconf 78' lang='lat' dir='ltr'>italicismis</span> <span class='ocrx_word' id='word_1_481' title='bbox 3179 2000 3240 2051; x_wconf 87' lang='lat' dir='ltr'>et</span> <span class='ocrx_word' id='word_1_482' title='bbox 3275 1994 3614 2051; x_wconf 75' lang='lat' dir='ltr'>Gallidsmis</span> 
     </span>
     <span class='ocr_line' id='line_1_73' title="bbox 2021 2083 3614 2159; baseline -0.001 -18"><span class='ocrx_word' id='word_1_483' title='bbox 2021 2086 2386 2159; x_wconf 75' lang='lat' dir='ltr'>perstrepant,</span> <span class='ocrx_word' id='word_1_484' title='bbox 2434 2098 2566 2139; x_wconf 85' lang='lat' dir='ltr'>usus</span> <span class='ocrx_word' id='word_1_485' title='bbox 2615 2086 2804 2140; x_wconf 81' lang='lat' dir='ltr'>tamen</span> <span class='ocrx_word' id='word_1_486' title='bbox 2849 2087 2907 2139; x_wconf 87' lang='lat' dir='ltr'>et</span> <span class='ocrx_word' id='word_1_487' title='bbox 2947 2083 3193 2140; x_wconf 85' lang='lat' dir='ltr'>virorum</span> <span class='ocrx_word' id='word_1_488' title='bbox 3229 2084 3506 2157; x_wconf 80' lang='lat' dir='ltr'>gravium,</span> <span class='ocrx_word' id='word_1_489' title='bbox 3545 2088 3614 2139; x_wconf 86' lang='lat' dir='ltr'>et</span> 
     </span>
     <span class='ocr_line' id='line_1_74' title="bbox 2021 2172 3612 2248; baseline 0 -19"><span class='ocrx_word' id='word_1_490' title='bbox 2021 2172 2198 2248; x_wconf 87' lang='lat' dir='ltr'>plebis</span> <span class='ocrx_word' id='word_1_491' title='bbox 2225 2172 2361 2230; x_wconf 84' lang='lat' dir='ltr'>talia</span> <span class='ocrx_word' id='word_1_492' title='bbox 2385 2174 2624 2245; x_wconf 86' lang='lat' dir='ltr'>respuat.</span> <span class='ocrx_word' id='word_1_493' title='bbox 2689 2172 3034 2229; x_wconf 80' lang='lat' dir='ltr'>Slavonicam</span> <span class='ocrx_word' id='word_1_494' title='bbox 3073 2173 3320 2245; x_wconf 74' lang='lat' dir='ltr'>linguam</span> <span class='ocrx_word' id='word_1_495' title='bbox 3355 2173 3462 2229; x_wconf 86' lang='lat' dir='ltr'>hue</span> <span class='ocrx_word' id='word_1_496' title='bbox 3489 2189 3612 2229; x_wconf 87' lang='lat' dir='ltr'>non</span> 
     </span>
     <span class='ocr_line' id='line_1_75' title="bbox 2023 2260 3610 2335; baseline -0.001 -18"><span class='ocrx_word' id='word_1_497' title='bbox 2023 2262 2212 2335; x_wconf 80' lang='lat' dir='ltr'>affero,</span> <span class='ocrx_word' id='word_1_498' title='bbox 2256 2260 2388 2333; x_wconf 82' lang='lat' dir='ltr'>quia</span> <span class='ocrx_word' id='word_1_499' title='bbox 2423 2262 2485 2317; x_wconf 88' lang='lat' dir='ltr'>in</span> <span class='ocrx_word' id='word_1_500' title='bbox 2521 2260 2763 2317; x_wconf 84' lang='lat' dir='ltr'>realibus</span> <span class='ocrx_word' id='word_1_501' title='bbox 2797 2260 2936 2335; x_wconf 85' lang='lat' dir='ltr'>ipsis</span> <span class='ocrx_word' id='word_1_502' title='bbox 2969 2262 3106 2317; x_wconf 79' lang='lat' dir='ltr'>satis</span> <span class='ocrx_word' id='word_1_503' title='bbox 3142 2263 3311 2334; x_wconf 90' lang='lat' dir='ltr'>plena</span> <span class='ocrx_word' id='word_1_504' title='bbox 3345 2278 3462 2318; x_wconf 89' lang='lat' dir='ltr'>non</span> <span class='ocrx_word' id='word_1_505' title='bbox 3499 2269 3610 2334; x_wconf 66' lang='lat' dir='ltr'>est,</span> 
     </span>
     <span class='ocr_line' id='line_1_76' title="bbox 2023 2348 3618 2425; baseline 0 -18"><span class='ocrx_word' id='word_1_506' title='bbox 2023 2354 2082 2407; x_wconf 88' lang='lat' dir='ltr'>et</span> <span class='ocrx_word' id='word_1_507' title='bbox 2108 2350 2394 2423; x_wconf 84' lang='lat' dir='ltr'>plerasque</span> <span class='ocrx_word' id='word_1_508' title='bbox 2419 2366 2508 2405; x_wconf 90' lang='lat' dir='ltr'>res</span> <span class='ocrx_word' id='word_1_509' title='bbox 2537 2348 2873 2406; x_wconf 83' lang='lat' dir='ltr'>mechanicas</span> <span class='ocrx_word' id='word_1_510' title='bbox 2899 2355 3000 2406; x_wconf 89' lang='lat' dir='ltr'>aut</span> <span class='ocrx_word' id='word_1_511' title='bbox 3029 2349 3352 2425; x_wconf 56' lang='lat' dir='ltr'>importata</span> <span class='ocrx_word' id='word_1_512' title='bbox 3379 2352 3618 2407; x_wconf 76' lang='lat' dir='ltr'>Genna-</span> 
     </span>
     <span class='ocr_line' id='line_1_77' title="bbox 2025 2438 3616 2513; baseline 0.001 -18"><span class='ocrx_word' id='word_1_513' title='bbox 2025 2438 2162 2495; x_wconf 85' lang='lat' dir='ltr'>nicis</span> <span class='ocrx_word' id='word_1_514' title='bbox 2204 2438 2486 2494; x_wconf 79' lang='lat' dir='ltr'>vocabulis</span> <span class='ocrx_word' id='word_1_515' title='bbox 2521 2440 2819 2512; x_wconf 88' lang='lat' dir='ltr'>nuncupat.</span> <span class='ocrx_word' id='word_1_516' title='bbox 2905 2438 3052 2497; x_wconf 81' lang='lat' dir='ltr'>mud</span> <span class='ocrx_word' id='word_1_517' title='bbox 3086 2456 3231 2496; x_wconf 74' lang='lat' dir='ltr'>vero</span> <span class='ocrx_word' id='word_1_518' title='bbox 3261 2444 3616 2513; x_wconf 73' lang='lat' dir='ltr'>praetereun-</span> 
     </span>
     <span class='ocr_line' id='line_1_78' title="bbox 2023 2526 3616 2603; baseline 0.001 -20"><span class='ocrx_word' id='word_1_519' title='bbox 2023 2527 2160 2584; x_wconf 89' lang='lat' dir='ltr'>dum</span> <span class='ocrx_word' id='word_1_520' title='bbox 2198 2544 2314 2583; x_wconf 89' lang='lat' dir='ltr'>non</span> <span class='ocrx_word' id='word_1_521' title='bbox 2351 2532 2436 2583; x_wconf 88' lang='lat' dir='ltr'>est</span> <span class='ocrx_word' id='word_1_522' title='bbox 2471 2526 2622 2599; x_wconf 86' lang='lat' dir='ltr'>loco,</span> <span class='ocrx_word' id='word_1_523' title='bbox 2663 2526 2814 2599; x_wconf 85' lang='lat' dir='ltr'>quod</span> <span class='ocrx_word' id='word_1_524' title='bbox 2853 2526 3146 2583; x_wconf 84' lang='lat' dir='ltr'>Thomas</span> <span class='ocrx_word' id='word_1_525' title='bbox 3185 2527 3466 2585; x_wconf 87' lang='lat' dir='ltr'>Hobbes</span> <span class='ocrx_word' id='word_1_526' title='bbox 3501 2546 3616 2603; x_wconf 86' lang='lat' dir='ltr'>pro</span> 
     </span>
     <span class='ocr_line' id='line_1_79' title="bbox 2023 2614 3618 2690; baseline 0.001 -18"><span class='ocrx_word' id='word_1_527' title='bbox 2023 2620 2180 2672; x_wconf 80' lang='lat' dir='ltr'>sueto</span> <span class='ocrx_word' id='word_1_528' title='bbox 2229 2614 2338 2671; x_wconf 86' lang='lat' dir='ltr'>sibi</span> <span class='ocrx_word' id='word_1_529' title='bbox 2385 2614 2596 2689; x_wconf 86' lang='lat' dir='ltr'>ingenii</span> <span class='ocrx_word' id='word_1_530' title='bbox 2642 2616 2894 2671; x_wconf 87' lang='lat' dir='ltr'>acumine</span> <span class='ocrx_word' id='word_1_531' title='bbox 2934 2617 3264 2689; x_wconf 81' lang='lat' dir='ltr'>observavit,</span> <span class='ocrx_word' id='word_1_532' title='bbox 3315 2618 3464 2690; x_wconf 81' lang='lat' dir='ltr'>apud</span> <span class='ocrx_word' id='word_1_533' title='bbox 3511 2632 3618 2674; x_wconf 80' lang='lat' dir='ltr'>eas</span> 
     </span>
     <span class='ocr_line' id='line_1_80' title="bbox 2027 2704 3616 2779; baseline 0 -19"><span class='ocrx_word' id='word_1_534' title='bbox 2027 2708 2232 2778; x_wconf 78' lang='lat' dir='ltr'>gentes,</span> <span class='ocrx_word' id='word_1_535' title='bbox 2263 2704 2462 2777; x_wconf 89' lang='lat' dir='ltr'>quibus</span> <span class='ocrx_word' id='word_1_536' title='bbox 2493 2720 2611 2760; x_wconf 80' lang='lat' dir='ltr'>mos</span> <span class='ocrx_word' id='word_1_537' title='bbox 2641 2708 2726 2759; x_wconf 88' lang='lat' dir='ltr'>est</span> <span class='ocrx_word' id='word_1_538' title='bbox 2751 2705 2981 2761; x_wconf 78' lang='lat' dir='ltr'>verbum</span> <span class='ocrx_word' id='word_1_539' title='bbox 3009 2704 3441 2762; x_wconf 84' lang='lat' dir='ltr'>substantivum:</span> <span class='ocrx_word' id='word_1_540' title='bbox 3487 2707 3616 2779; x_wconf 73' lang='lat' dir='ltr'>Est,</span> 
     </span>
     <span class='ocr_line' id='line_1_81' title="bbox 2023 2792 3622 2867; baseline 0.002 -19"><span class='ocrx_word' id='word_1_541' title='bbox 2023 2797 2286 2867; x_wconf 85' lang='lat' dir='ltr'>perpetua</span> <span class='ocrx_word' id='word_1_542' title='bbox 2323 2794 2502 2866; x_wconf 86' lang='lat' dir='ltr'>ellipsi</span> <span class='ocrx_word' id='word_1_543' title='bbox 2539 2792 2962 2867; x_wconf 67' lang='lat' dir='ltr'>subintdligeue,</span> <span class='ocrx_word' id='word_1_544' title='bbox 3003 2795 3192 2867; x_wconf 86' lang='lat' dir='ltr'>quales</span> <span class='ocrx_word' id='word_1_545' title='bbox 3219 2799 3350 2851; x_wconf 85' lang='lat' dir='ltr'>sunt</span> <span class='ocrx_word' id='word_1_546' title='bbox 3373 2796 3622 2851; x_wconf 82' lang='lat' dir='ltr'>nonnul·</span> 
     </span>
     <span class='ocr_line' id='line_1_82' title="bbox 2025 2881 3622 2958; baseline 0.001 -19"><span class='ocrx_word' id='word_1_547' title='bbox 2025 2881 2112 2939; x_wconf 85' lang='lat' dir='ltr'>lae</span> <span class='ocrx_word' id='word_1_548' title='bbox 2149 2882 2484 2955; x_wconf 74' lang='lat' dir='ltr'>orientales,</span> <span class='ocrx_word' id='word_1_549' title='bbox 2523 2898 2784 2956; x_wconf 84' lang='lat' dir='ltr'>magnam</span> <span class='ocrx_word' id='word_1_550' title='bbox 2819 2888 3035 2956; x_wconf 81' lang='lat' dir='ltr'>partem</span> <span class='ocrx_word' id='word_1_551' title='bbox 3071 2883 3448 2958; x_wconf 86' lang='lat' dir='ltr'>philosophiae</span> <span class='ocrx_word' id='word_1_552' title='bbox 3483 2884 3622 2941; x_wconf 76' lang='lat' dir='ltr'>bar-</span> 
     </span>
     <span class='ocr_line' id='line_1_83' title="bbox 2025 2971 3622 3047; baseline 0 -17"><span class='ocrx_word' id='word_1_553' title='bbox 2025 2973 2208 3044; x_wconf 76' lang='lat' dir='ltr'>barae,</span> <span class='ocrx_word' id='word_1_554' title='bbox 2259 2975 2358 3028; x_wconf 87' lang='lat' dir='ltr'>aut</span> <span class='ocrx_word' id='word_1_555' title='bbox 2407 2989 2524 3028; x_wconf 89' lang='lat' dir='ltr'>non</span> <span class='ocrx_word' id='word_1_556' title='bbox 2571 2971 2823 3045; x_wconf 86' lang='lat' dir='ltr'>omnino,</span> <span class='ocrx_word' id='word_1_557' title='bbox 2874 2976 2974 3028; x_wconf 88' lang='lat' dir='ltr'>aut</span> <span class='ocrx_word' id='word_1_558' title='bbox 3019 2973 3320 3046; x_wconf 83' lang='lat' dir='ltr'>aegerrime</span> <span class='ocrx_word' id='word_1_559' title='bbox 3367 2973 3622 3047; x_wconf 74' lang='lat' dir='ltr'>exprimi</span> 
     </span>
     <span class='ocr_line' id='line_1_84' title="bbox 2021 3062 3625 3135; baseline 0.001 -18"><span class='ocrx_word' id='word_1_560' title='bbox 2021 3077 2212 3134; x_wconf 81' lang='lat' dir='ltr'>posse3</span> <span class='ocrx_word' id='word_1_561' title='bbox 2241 3075 2410 3134; x_wconf 87' lang='lat' dir='ltr'>quum</span> <span class='ocrx_word' id='word_1_562' title='bbox 2434 3065 2620 3117; x_wconf 83' lang='lat' dir='ltr'>tamen</span> <span class='ocrx_word' id='word_1_563' title='bbox 2646 3077 2746 3117; x_wconf 83' lang='lat' dir='ltr'>eae</span> <span class='ocrx_word' id='word_1_564' title='bbox 2764 3065 2954 3134; x_wconf 80' lang='lat' dir='ltr'>gentes</span> <span class='ocrx_word' id='word_1_565' title='bbox 2971 3077 3088 3119; x_wconf 85' lang='lat' dir='ltr'>non</span> <span class='ocrx_word' id='word_1_566' title='bbox 3107 3062 3222 3118; x_wconf 85' lang='lat' dir='ltr'>sint</span> <span class='ocrx_word' id='word_1_567' title='bbox 3241 3063 3422 3118; x_wconf 83' lang='lat' dir='ltr'>minus</span> <span class='ocrx_word' id='word_1_568' title='bbox 3439 3079 3625 3135; x_wconf 81' lang='lat' dir='ltr'>quam</span> 
     </span>
     <span class='ocr_line' id='line_1_85' title="bbox 2023 3148 3626 3224; baseline 0.001 -18"><span class='ocrx_word' id='word_1_569' title='bbox 2023 3153 2269 3206; x_wconf 86' lang='lat' dir='ltr'>caeterae</span> <span class='ocrx_word' id='word_1_570' title='bbox 2295 3155 2458 3222; x_wconf 86' lang='lat' dir='ltr'>aptae</span> <span class='ocrx_word' id='word_1_571' title='bbox 2493 3150 2567 3206; x_wconf 84' lang='lat' dir='ltr'>ad</span> <span class='ocrx_word' id='word_1_572' title='bbox 2603 3148 3114 3223; x_wconf 80' lang='lat' dir='ltr'>philosophandum,</span> <span class='ocrx_word' id='word_1_573' title='bbox 3153 3155 3211 3207; x_wconf 87' lang='lat' dir='ltr'>et</span> <span class='ocrx_word' id='word_1_574' title='bbox 3247 3151 3438 3224; x_wconf 84' lang='lat' dir='ltr'>lingua</span> <span class='ocrx_word' id='word_1_575' title='bbox 3473 3151 3626 3208; x_wconf 82' lang='lat' dir='ltr'>alio—</span> 
     </span>
     <span class='ocr_line' id='line_1_86' title="bbox 2025 3237 3623 3312; baseline 0.003 -19"><span class='ocrx_word' id='word_1_576' title='bbox 2025 3237 2163 3311; x_wconf 88' lang='lat' dir='ltr'>quin</span> <span class='ocrx_word' id='word_1_577' title='bbox 2189 3238 2250 3294; x_wconf 90' lang='lat' dir='ltr'>in</span> <span class='ocrx_word' id='word_1_578' title='bbox 2277 3239 2441 3294; x_wconf 78' lang='lat' dir='ltr'>nebus</span> <span class='ocrx_word' id='word_1_579' title='bbox 2467 3238 2602 3311; x_wconf 89' lang='lat' dir='ltr'>ipsis</span> <span class='ocrx_word' id='word_1_580' title='bbox 2639 3237 2862 3311; x_wconf 83' lang='lat' dir='ltr'>copiosa</span> <span class='ocrx_word' id='word_1_581' title='bbox 2899 3241 3152 3312; x_wconf 66' lang='lat' dir='ltr'>mutaque</span> <span class='ocrx_word' id='word_1_582' title='bbox 3187 3243 3432 3298; x_wconf 84' lang='lat' dir='ltr'>utantur.</span> <span class='ocrx_word' id='word_1_583' title='bbox 3500 3241 3623 3297; x_wconf 85' lang='lat' dir='ltr'>Sed</span> 
     </span>
     <span class='ocr_line' id='line_1_87' title="bbox 2026 3326 3262 3400; baseline 0 -16"><span class='ocrx_word' id='word_1_584' title='bbox 2026 3343 2064 3384; x_wconf 85' lang='lat' dir='ltr'>a</span> <span class='ocrx_word' id='word_1_585' title='bbox 2089 3326 2426 3400; x_wconf 79' lang='lat' dir='ltr'>digressione</span> <span class='ocrx_word' id='word_1_586' title='bbox 2453 3327 2514 3382; x_wconf 91' lang='lat' dir='ltr'>in</span> <span class='ocrx_word' id='word_1_587' title='bbox 2539 3327 2692 3382; x_wconf 84' lang='lat' dir='ltr'>viam</span> <span class='ocrx_word' id='word_1_588' title='bbox 2717 3327 3134 3400; x_wconf 83' lang='lat' dir='ltr'>regrediendum</span> <span class='ocrx_word' id='word_1_589' title='bbox 3161 3332 3262 3389; x_wconf 63' lang='lat' dir='ltr'>est.</span> 
     </span>
    </p>

    <p class='ocr_par' dir='ltr' id='par_1_9' title="bbox 2023 3415 3635 5269">
     <span class='ocr_line' id='line_1_88' title="bbox 2115 3415 3622 3492; baseline 0.001 -20"><span class='ocrx_word' id='word_1_590' title='bbox 2115 3415 2240 3472; x_wconf 87' lang='lat' dir='ltr'>XV.</span> <span class='ocrx_word' id='word_1_591' title='bbox 2285 3415 2470 3481; x_wconf 87' lang='lat' dir='ltr'>Quum</span> <span class='ocrx_word' id='word_1_592' title='bbox 2507 3415 2675 3488; x_wconf 81' lang='lat' dir='ltr'>igitur</span> <span class='ocrx_word' id='word_1_593' title='bbox 2713 3421 2954 3490; x_wconf 78' lang='lat' dir='ltr'>constet,</span> <span class='ocrx_word' id='word_1_594' title='bbox 2997 3433 3090 3474; x_wconf 84' lang='lat' dir='ltr'>eas</span> <span class='ocrx_word' id='word_1_595' title='bbox 3125 3433 3214 3474; x_wconf 88' lang='lat' dir='ltr'>res</span> <span class='ocrx_word' id='word_1_596' title='bbox 3251 3433 3372 3473; x_wconf 52' lang='lat' dir='ltr'>effe</span> <span class='ocrx_word' id='word_1_597' title='bbox 3406 3417 3622 3492; x_wconf 67' lang='lat' dir='ltr'>nullam,</span> 
     </span>
     <span class='ocr_line' id='line_1_89' title="bbox 2025 3505 3628 3580; baseline 0.001 -20"><span class='ocrx_word' id='word_1_598' title='bbox 2025 3519 2167 3576; x_wconf 90' lang='lat' dir='ltr'>quae</span> <span class='ocrx_word' id='word_1_599' title='bbox 2209 3505 2566 3578; x_wconf 82' lang='lat' dir='ltr'>popularibus</span> <span class='ocrx_word' id='word_1_600' title='bbox 2605 3505 2854 3560; x_wconf 86' lang='lat' dir='ltr'>terminis</span> <span class='ocrx_word' id='word_1_601' title='bbox 2903 3505 3169 3579; x_wconf 79' lang='lat' dir='ltr'>explicari</span> <span class='ocrx_word' id='word_1_602' title='bbox 3205 3521 3322 3562; x_wconf 89' lang='lat' dir='ltr'>non</span> <span class='ocrx_word' id='word_1_603' title='bbox 3359 3511 3628 3580; x_wconf 81' lang='lat' dir='ltr'>possunt,</span> 
     </span>
     <span class='ocr_line' id='line_1_90' title="bbox 2023 3593 3633 3668; baseline 0.002 -19"><span class='ocrx_word' id='word_1_604' title='bbox 2023 3597 2238 3649; x_wconf 72' lang='lat' dir='ltr'>constet</span> <span class='ocrx_word' id='word_1_605' title='bbox 2255 3593 2610 3666; x_wconf 82' lang='lat' dir='ltr'>etiam,tanto</span> <span class='ocrx_word' id='word_1_606' title='bbox 2627 3593 2916 3650; x_wconf 81' lang='lat' dir='ltr'>clariorem</span> <span class='ocrx_word' id='word_1_607' title='bbox 2933 3611 3054 3650; x_wconf 82' lang='lat' dir='ltr'>esse</span> <span class='ocrx_word' id='word_1_608' title='bbox 3071 3593 3391 3668; x_wconf 73' lang='lat' dir='ltr'>emtionem,</span> <span class='ocrx_word' id='word_1_609' title='bbox 3401 3600 3633 3668; x_wconf 70' lang='lat' dir='ltr'>quanto</span> 
     </span>
     <span class='ocr_line' id='line_1_91' title="bbox 2025 3681 3634 3758; baseline 0.001 -20"><span class='ocrx_word' id='word_1_610' title='bbox 2025 3681 2250 3738; x_wconf 77' lang='lat' dir='ltr'>termini</span> <span class='ocrx_word' id='word_1_611' title='bbox 2275 3686 2406 3738; x_wconf 85' lang='lat' dir='ltr'>sunt</span> <span class='ocrx_word' id='word_1_612' title='bbox 2429 3681 2824 3756; x_wconf 82' lang='lat' dir='ltr'>populariores,</span> <span class='ocrx_word' id='word_1_613' title='bbox 2855 3682 2964 3738; x_wconf 86' lang='lat' dir='ltr'>nisi</span> <span class='ocrx_word' id='word_1_614' title='bbox 2992 3686 3134 3741; x_wconf 82' lang='lat' dir='ltr'>forte</span> <span class='ocrx_word' id='word_1_615' title='bbox 3160 3683 3326 3740; x_wconf 86' lang='lat' dir='ltr'>nimis</span> <span class='ocrx_word' id='word_1_616' title='bbox 3347 3684 3634 3758; x_wconf 82' lang='lat' dir='ltr'>multipli-</span> 
     </span>
     <span class='ocr_line' id='line_1_92' title="bbox 2025 3770 3635 3846; baseline 0.002 -20"><span class='ocrx_word' id='word_1_617' title='bbox 2025 3770 2162 3826; x_wconf 82' lang='lat' dir='ltr'>catis</span> <span class='ocrx_word' id='word_1_618' title='bbox 2199 3787 2268 3827; x_wconf 87' lang='lat' dir='ltr'>ea</span> <span class='ocrx_word' id='word_1_619' title='bbox 2305 3771 2520 3827; x_wconf 86' lang='lat' dir='ltr'>ratione</span> <span class='ocrx_word' id='word_1_620' title='bbox 2547 3771 2854 3842; x_wconf 83' lang='lat' dir='ltr'>vocabulis,</span> <span class='ocrx_word' id='word_1_621' title='bbox 2891 3770 3014 3840; x_wconf 87' lang='lat' dir='ltr'>jam</span> <span class='ocrx_word' id='word_1_622' title='bbox 3051 3787 3124 3828; x_wconf 83' lang='lat' dir='ltr'>ex</span> <span class='ocrx_word' id='word_1_623' title='bbox 3149 3773 3264 3830; x_wconf 86' lang='lat' dir='ltr'>alio</span> <span class='ocrx_word' id='word_1_624' title='bbox 3289 3773 3473 3846; x_wconf 82' lang='lat' dir='ltr'>eapite</span> <span class='ocrx_word' id='word_1_625' title='bbox 3499 3778 3635 3830; x_wconf 80' lang='lat' dir='ltr'>tae-</span> 
     </span>
     <span class='ocr_line' id='line_1_93' title="bbox 2025 3859 3634 3936; baseline 0.001 -20"><span class='ocrx_word' id='word_1_626' title='bbox 2025 3859 2208 3933; x_wconf 88' lang='lat' dir='ltr'>dium,</span> <span class='ocrx_word' id='word_1_627' title='bbox 2249 3859 2488 3933; x_wconf 87' lang='lat' dir='ltr'>oblivio,</span> <span class='ocrx_word' id='word_1_628' title='bbox 2527 3865 2586 3916; x_wconf 86' lang='lat' dir='ltr'>et</span> <span class='ocrx_word' id='word_1_629' title='bbox 2623 3860 2702 3916; x_wconf 85' lang='lat' dir='ltr'>sic</span> <span class='ocrx_word' id='word_1_630' title='bbox 2739 3860 3042 3917; x_wconf 74' lang='lat' dir='ltr'>obswritas</span> <span class='ocrx_word' id='word_1_631' title='bbox 3079 3866 3350 3936; x_wconf 79' lang='lat' dir='ltr'>nascatur,</span> <span class='ocrx_word' id='word_1_632' title='bbox 3381 3863 3634 3918; x_wconf 77' lang='lat' dir='ltr'>manife-</span> 
     </span>
     <span class='ocr_line' id='line_1_94' title="bbox 2023 3950 3635 4008; baseline 0.002 -5"><span class='ocrx_word' id='word_1_633' title='bbox 2023 3953 2172 4004; x_wconf 79' lang='lat' dir='ltr'>stum</span> <span class='ocrx_word' id='word_1_634' title='bbox 2199 3952 2286 4004; x_wconf 86' lang='lat' dir='ltr'>est</span> <span class='ocrx_word' id='word_1_635' title='bbox 2307 3963 2562 4004; x_wconf 83' lang='lat' dir='ltr'>nonnam</span> <span class='ocrx_word' id='word_1_636' title='bbox 2589 3963 2654 4006; x_wconf 83' lang='lat' dir='ltr'>ac</span> <span class='ocrx_word' id='word_1_637' title='bbox 2680 3965 2993 4006; x_wconf 74' lang='lat' dir='ltr'>uiensuram</span> <span class='ocrx_word' id='word_1_638' title='bbox 3031 3950 3467 4008; x_wconf 83' lang='lat' dir='ltr'>adhibendorum</span> <span class='ocrx_word' id='word_1_639' title='bbox 3507 3955 3635 4007; x_wconf 72' lang='lat' dir='ltr'>ter-</span> 
     </span>
     <span class='ocr_line' id='line_1_95' title="bbox 2025 4037 3634 4113; baseline 0.002 -20"><span class='ocrx_word' id='word_1_640' title='bbox 2025 4037 2304 4094; x_wconf 84' lang='lat' dir='ltr'>minorum</span> <span class='ocrx_word' id='word_1_641' title='bbox 2331 4053 2450 4094; x_wconf 88' lang='lat' dir='ltr'>esse</span> <span class='ocrx_word' id='word_1_642' title='bbox 2485 4038 2700 4110; x_wconf 84' lang='lat' dir='ltr'>debere,</span> <span class='ocrx_word' id='word_1_643' title='bbox 2743 4038 3344 4111; x_wconf 85' lang='lat' dir='ltr'>compendiosissimam</span> <span class='ocrx_word' id='word_1_644' title='bbox 3379 4041 3634 4113; x_wconf 80' lang='lat' dir='ltr'>popula-</span> 
     </span>
     <span class='ocr_line' id='line_1_96' title="bbox 2023 4125 3635 4202; baseline 0.002 -20"><span class='ocrx_word' id='word_1_645' title='bbox 2023 4125 2264 4197; x_wconf 80' lang='lat' dir='ltr'>ritatem,</span> <span class='ocrx_word' id='word_1_646' title='bbox 2315 4127 2404 4182; x_wconf 82' lang='lat' dir='ltr'>vel</span> <span class='ocrx_word' id='word_1_647' title='bbox 2441 4127 2921 4199; x_wconf 70' lang='lat' dir='ltr'>pop-nariaeimum</span> <span class='ocrx_word' id='word_1_648' title='bbox 2956 4129 3360 4202; x_wconf 79' lang='lat' dir='ltr'>compendium.</span> <span class='ocrx_word' id='word_1_649' title='bbox 3425 4130 3635 4194; x_wconf 80' lang='lat' dir='ltr'>Quan-</span> 
     </span>
     <span class='ocr_line' id='line_1_97' title="bbox 2025 4213 3633 4291; baseline 0.002 -22"><span class='ocrx_word' id='word_1_650' title='bbox 2025 4214 2312 4286; x_wconf 85' lang='lat' dir='ltr'>doeunque</span> <span class='ocrx_word' id='word_1_651' title='bbox 2338 4213 2506 4286; x_wconf 83' lang='lat' dir='ltr'>igitur</span> <span class='ocrx_word' id='word_1_652' title='bbox 2533 4215 2756 4270; x_wconf 77' lang='lat' dir='ltr'>termini</span> <span class='ocrx_word' id='word_1_653' title='bbox 2783 4217 3076 4290; x_wconf 86' lang='lat' dir='ltr'>populares</span> <span class='ocrx_word' id='word_1_654' title='bbox 3113 4221 3412 4291; x_wconf 87' lang='lat' dir='ltr'>suppetunt</span> <span class='ocrx_word' id='word_1_655' title='bbox 3439 4233 3633 4290; x_wconf 85' lang='lat' dir='ltr'>aeque</span> 
     </span>
     <span class='ocr_line' id='line_1_98' title="bbox 2023 4303 3630 4377; baseline 0.002 -19"><span class='ocrx_word' id='word_1_656' title='bbox 2023 4303 2418 4377; x_wconf 82' lang='lat' dir='ltr'>compendiosi,</span> <span class='ocrx_word' id='word_1_657' title='bbox 2467 4303 2854 4362; x_wconf 85' lang='lat' dir='ltr'>abstinendum</span> <span class='ocrx_word' id='word_1_658' title='bbox 2903 4309 2989 4361; x_wconf 84' lang='lat' dir='ltr'>est</span> <span class='ocrx_word' id='word_1_659' title='bbox 3035 4307 3288 4363; x_wconf 86' lang='lat' dir='ltr'>terminis</span> <span class='ocrx_word' id='word_1_660' title='bbox 3333 4307 3630 4362; x_wconf 68' lang='lat' dir='ltr'>tet-iuncis,</span> 
     </span>
     <span class='ocr_line' id='line_1_99' title="bbox 2027 4392 3630 4466; baseline 0.003 -19"><span class='ocrx_word' id='word_1_661' title='bbox 2027 4392 2126 4447; x_wconf 83' lang='lat' dir='ltr'>Est</span> <span class='ocrx_word' id='word_1_662' title='bbox 2165 4394 2410 4465; x_wconf 83' lang='lat' dir='ltr'>profecto</span> <span class='ocrx_word' id='word_1_663' title='bbox 2443 4392 2576 4448; x_wconf 80' lang='lat' dir='ltr'>haec</span> <span class='ocrx_word' id='word_1_664' title='bbox 2613 4409 2726 4449; x_wconf 87' lang='lat' dir='ltr'>una</span> <span class='ocrx_word' id='word_1_665' title='bbox 2767 4409 2843 4450; x_wconf 82' lang='lat' dir='ltr'>ex</span> <span class='ocrx_word' id='word_1_666' title='bbox 2876 4395 3082 4466; x_wconf 85' lang='lat' dir='ltr'>regulis</span> <span class='ocrx_word' id='word_1_667' title='bbox 3108 4395 3630 4452; x_wconf 79' lang='lat' dir='ltr'>fundamentalibus</span> 
     </span>
     <span class='ocr_line' id='line_1_100' title="bbox 2025 4479 3630 4558; baseline 0.004 -23"><span class='ocrx_word' id='word_1_668' title='bbox 2025 4480 2158 4550; x_wconf 84' lang='lat' dir='ltr'>styli</span> <span class='ocrx_word' id='word_1_669' title='bbox 2187 4479 2560 4554; x_wconf 85' lang='lat' dir='ltr'>philosophici,</span> <span class='ocrx_word' id='word_1_670' title='bbox 2584 4481 2644 4536; x_wconf 86' lang='lat' dir='ltr'>in</span> <span class='ocrx_word' id='word_1_671' title='bbox 2663 4499 2832 4554; x_wconf 82' lang='lat' dir='ltr'>quam</span> <span class='ocrx_word' id='word_1_672' title='bbox 2859 4483 3064 4556; x_wconf 83' lang='lat' dir='ltr'>passim</span> <span class='ocrx_word' id='word_1_673' title='bbox 3085 4483 3425 4558; x_wconf 83' lang='lat' dir='ltr'>impingitur,</span> <span class='ocrx_word' id='word_1_674' title='bbox 3458 4501 3630 4557; x_wconf 83' lang='lat' dir='ltr'>prae-</span> 
     </span>
     <span class='ocr_line' id='line_1_101' title="bbox 2025 4569 3630 4646; baseline 0.004 -22"><span class='ocrx_word' id='word_1_675' title='bbox 2025 4569 2215 4625; x_wconf 81' lang='lat' dir='ltr'>sertim</span> <span class='ocrx_word' id='word_1_676' title='bbox 2241 4587 2280 4626; x_wconf 83' lang='lat' dir='ltr'>a</span> <span class='ocrx_word' id='word_1_677' title='bbox 2305 4570 2693 4643; x_wconf 79' lang='lat' dir='ltr'>Metaphysicis</span> <span class='ocrx_word' id='word_1_678' title='bbox 2721 4575 2778 4627; x_wconf 89' lang='lat' dir='ltr'>et</span> <span class='ocrx_word' id='word_1_679' title='bbox 2805 4570 3144 4644; x_wconf 78' lang='lat' dir='ltr'>Dialecticis3</span> <span class='ocrx_word' id='word_1_680' title='bbox 3183 4587 3316 4628; x_wconf 82' lang='lat' dir='ltr'>nam</span> <span class='ocrx_word' id='word_1_681' title='bbox 3341 4589 3432 4630; x_wconf 87' lang='lat' dir='ltr'>res</span> <span class='ocrx_word' id='word_1_682' title='bbox 3460 4573 3630 4646; x_wconf 80' lang='lat' dir='ltr'>ipsae</span> 
     </span>
     <span class='ocr_line' id='line_1_102' title="bbox 2025 4657 3628 4736; baseline 0.003 -22"><span class='ocrx_word' id='word_1_683' title='bbox 2025 4657 2356 4715; x_wconf 84' lang='lat' dir='ltr'>Dialecticae</span> <span class='ocrx_word' id='word_1_684' title='bbox 2380 4664 2439 4715; x_wconf 86' lang='lat' dir='ltr'>et</span> <span class='ocrx_word' id='word_1_685' title='bbox 2465 4659 2874 4734; x_wconf 76' lang='lat' dir='ltr'>Metaphysicae</span> <span class='ocrx_word' id='word_1_686' title='bbox 2901 4660 3238 4736; x_wconf 77' lang='lat' dir='ltr'>plerumque,</span> <span class='ocrx_word' id='word_1_687' title='bbox 3281 4663 3628 4719; x_wconf 84' lang='lat' dir='ltr'>creberrime</span> 
     </span>
     <span class='ocr_line' id='line_1_103' title="bbox 2027 4747 3626 4824; baseline 0.003 -22"><span class='ocrx_word' id='word_1_688' title='bbox 2027 4747 2088 4802; x_wconf 90' lang='lat' dir='ltr'>in</span> <span class='ocrx_word' id='word_1_689' title='bbox 2127 4747 2488 4821; x_wconf 84' lang='lat' dir='ltr'>sermonibus,</span> <span class='ocrx_word' id='word_1_690' title='bbox 2529 4747 2764 4822; x_wconf 87' lang='lat' dir='ltr'>scriptis,</span> <span class='ocrx_word' id='word_1_691' title='bbox 2805 4749 3228 4822; x_wconf 81' lang='lat' dir='ltr'>cogitationibus</span> <span class='ocrx_word' id='word_1_692' title='bbox 3275 4751 3448 4808; x_wconf 87' lang='lat' dir='ltr'>etiam</span> <span class='ocrx_word' id='word_1_693' title='bbox 3499 4751 3626 4824; x_wconf 87' lang='lat' dir='ltr'>ple-</span> 
     </span>
     <span class='ocr_line' id='line_1_104' title="bbox 2027 4834 3621 4914; baseline 0.003 -22"><span class='ocrx_word' id='word_1_694' title='bbox 2027 4834 2166 4892; x_wconf 84' lang='lat' dir='ltr'>beiis</span> <span class='ocrx_word' id='word_1_695' title='bbox 2203 4840 2520 4910; x_wconf 83' lang='lat' dir='ltr'>occurrunt,</span> <span class='ocrx_word' id='word_1_696' title='bbox 2559 4841 2618 4893; x_wconf 83' lang='lat' dir='ltr'>et</span> <span class='ocrx_word' id='word_1_697' title='bbox 2653 4838 2715 4893; x_wconf 80' lang='lat' dir='ltr'>in</span> <span class='ocrx_word' id='word_1_698' title='bbox 2753 4838 2912 4893; x_wconf 86' lang='lat' dir='ltr'>omni</span> <span class='ocrx_word' id='word_1_699' title='bbox 2948 4839 3065 4894; x_wconf 81' lang='lat' dir='ltr'>vita</span> <span class='ocrx_word' id='word_1_700' title='bbox 3106 4840 3312 4914; x_wconf 82' lang='lat' dir='ltr'>passim</span> <span class='ocrx_word' id='word_1_701' title='bbox 3337 4843 3621 4896; x_wconf 73' lang='lat' dir='ltr'>teruntur.</span> 
     </span>
     <span class='ocr_line' id='line_1_105' title="bbox 2025 4924 3624 5001; baseline 0.004 -22"><span class='ocrx_word' id='word_1_702' title='bbox 2025 4924 2170 4980; x_wconf 88' lang='lat' dir='ltr'>Hinc</span> <span class='ocrx_word' id='word_1_703' title='bbox 2197 4927 2401 4981; x_wconf 81' lang='lat' dir='ltr'>factum</span> <span class='ocrx_word' id='word_1_704' title='bbox 2427 4931 2530 4998; x_wconf 87' lang='lat' dir='ltr'>est,</span> <span class='ocrx_word' id='word_1_705' title='bbox 2569 4930 2634 4982; x_wconf 88' lang='lat' dir='ltr'>ut</span> <span class='ocrx_word' id='word_1_706' title='bbox 2659 4925 2783 4999; x_wconf 86' lang='lat' dir='ltr'>ipsa</span> <span class='ocrx_word' id='word_1_707' title='bbox 2815 4927 3108 4984; x_wconf 74' lang='lat' dir='ltr'>crebritate</span> <span class='ocrx_word' id='word_1_708' title='bbox 3133 4929 3420 4985; x_wconf 77' lang='lat' dir='ltr'>admonita</span> <span class='ocrx_word' id='word_1_709' title='bbox 3457 4945 3624 5001; x_wconf 73' lang='lat' dir='ltr'>gena,</span> 
     </span>
     <span class='ocr_line' id='line_1_106' title="bbox 2023 5013 3624 5088; baseline 0.004 -20"><span class='ocrx_word' id='word_1_710' title='bbox 2023 5013 2408 5088; x_wconf 79' lang='lat' dir='ltr'>peculiaribus,</span> <span class='ocrx_word' id='word_1_711' title='bbox 2449 5013 2666 5070; x_wconf 88' lang='lat' dir='ltr'>usitatis</span> <span class='ocrx_word' id='word_1_712' title='bbox 2705 5015 2950 5072; x_wconf 78' lang='lat' dir='ltr'>maxime</span> <span class='ocrx_word' id='word_1_713' title='bbox 2986 5018 3329 5074; x_wconf 86' lang='lat' dir='ltr'>naturalibus</span> <span class='ocrx_word' id='word_1_714' title='bbox 3365 5022 3424 5073; x_wconf 84' lang='lat' dir='ltr'>et</span> <span class='ocrx_word' id='word_1_715' title='bbox 3459 5033 3624 5073; x_wconf 85' lang='lat' dir='ltr'>eom-</span> 
     </span>
     <span class='ocr_line' id='line_1_107' title="bbox 2026 5101 3624 5180; baseline 0.003 -23"><span class='ocrx_word' id='word_1_716' title='bbox 2026 5101 2301 5176; x_wconf 85' lang='lat' dir='ltr'>pendiosis</span> <span class='ocrx_word' id='word_1_717' title='bbox 2327 5103 2626 5177; x_wconf 82' lang='lat' dir='ltr'>vocabulis,</span> <span class='ocrx_word' id='word_1_718' title='bbox 2669 5104 2805 5159; x_wconf 81' lang='lat' dir='ltr'>talia</span> <span class='ocrx_word' id='word_1_719' title='bbox 2831 5104 3225 5179; x_wconf 80' lang='lat' dir='ltr'>designaverit3</span> <span class='ocrx_word' id='word_1_720' title='bbox 3269 5122 3410 5180; x_wconf 85' lang='lat' dir='ltr'>quae</span> <span class='ocrx_word' id='word_1_721' title='bbox 3437 5121 3624 5178; x_wconf 89' lang='lat' dir='ltr'>quum</span> 
     </span>
     <span class='ocr_line' id='line_1_108' title="bbox 2025 5193 3622 5269; baseline 0.003 -21"><span class='ocrx_word' id='word_1_722' title='bbox 2025 5195 2336 5266; x_wconf 69' lang='lat' dir='ltr'>mppetmrt,</span> <span class='ocrx_word' id='word_1_723' title='bbox 2365 5195 2647 5265; x_wconf 83' lang='lat' dir='ltr'>peccatum</span> <span class='ocrx_word' id='word_1_724' title='bbox 2673 5195 2758 5249; x_wconf 88' lang='lat' dir='ltr'>est</span> <span class='ocrx_word' id='word_1_725' title='bbox 2783 5193 2944 5250; x_wconf 85' lang='lat' dir='ltr'>novis</span> <span class='ocrx_word' id='word_1_726' title='bbox 2971 5194 3292 5269; x_wconf 82' lang='lat' dir='ltr'>plerumque</span> <span class='ocrx_word' id='word_1_727' title='bbox 3325 5194 3502 5252; x_wconf 86' lang='lat' dir='ltr'>etiam</span> <span class='ocrx_word' id='word_1_728' title='bbox 3529 5195 3622 5252; x_wconf 90' lang='lat' dir='ltr'>in·</span> 
     </span>
    </p>
   </div>
  </div>
 </body>
</html>
