3717 5850
364 336 493 401 110
1384 338 1597 397 xxvi.
1684 339 1785 395 DE
1826 339 2026 395 VERA
2082 338 2446 398 MEPHODO
2489 344 2587 395 ete.

358 488 455 563 qni
483 500 671 561 parem
698 484 769 541 ad
792 480 1143 555 cogitationis
1168 498 1369 539 arcana
1390 481 1679 541 scrutanda
1706 481 1936 554 diligen-

328 564 337 573 ’
360 580 497 635 tiam
524 574 797 645 adhibeat,
825 587 942 629 non
967 588 1099 627 ease.
1182 571 1347 627 Hunc
1380 588 1500 627 esse
1538 573 1749 629 fontem
1774 570 1936 627 mise·

358 666 475 725 riae
502 664 770 741 humanae
796 660 945 733 qnod
970 660 1039 717 de
1065 660 1259 731 quovis
1287 658 1472 731 potius
1498 676 1669 732 quam
1694 660 1765 719 de
1790 676 1936 717 sum.

362 772 457 811 mo
494 752 639 809 vitae
678 750 997 822 cogitatum,
1038 748 1499 820 quemadmodum
1538 754 1809 807 mercator
1842 766 1938 805 ne·

360 842 587 915 gligena
617 838 713 912 qui
754 837 1023 911 principio
1052 836 1375 910 duramnus,
1414 843 1687 895 crescente
1718 838 1841 906 jam
1871 838 1938 893 li-

359 932 465 989 bro
490 930 788 1002 rationum,
834 927 1085 983 ordinem
1122 927 1404 999 lucemque
1439 926 1638 998 bonet,
1682 944 1787 983 nec
1820 942 1940 983 om·

360 1036 457 1077 nes
486 1017 692 1091 aoeepti
718 1017 1052 1091 expensique
1078 1015 1293 1071 tabulas
1332 1032 1367 1071 a
1406 1014 1599 1087 primis
1638 1014 1811 1071 initiis
1856 1032 1940 1071 re·-

360 1124 575 1165 sumere
610 1106 856 1163 sustinet.
944 1104 1089 1161 Hinc
1134 1108 1397 1160 secretum
1434 1104 1713 1175 quendam
1742 1103 1805 1159 in
1842 1103 1941 1159 ho·

2035 480 2188 551 cuius
2223 482 2386 539 hodie
2425 480 2520 537 vix
2559 480 2620 537 in
2669 480 3050 554 religiosorum
3099 478 3451 537 conventibus
3485 484 3592 539 reli-

2036 571 2196 644 quiae
2245 570 2342 627 siti
2389 575 2688 627 nmroentes
2723 572 3134 627 muservmmr.
3231 568 3468 627 Aeaeum
3509 572 3594 629 hu-

2037 658 2348 717 maniorum
2373 660 2656 717 litei-amm
2681 660 2801 717 luce
2841 658 2980 716 itum
3002 658 3071 713 ‚in
3111 658 3384 717 contraria
3417 664 3510 733 est,
3547 667 3596 717 et

2037 750 2106 805 de
2143 749 2362 819 syllaba
2397 748 2632 820 quadam
2673 748 2854 806 Plauti
2891 752 2948 803 et
2975 745 3238 821 Appuleji
3264 763 3378 805 non
3407 748 3598 807 minore

2037 854 2206 911 quam
2248 838 2317 895 de
2358 836 2756 897 universalibus
2797 840 2856 895 et
2893 834 3101 891 modali
3147 836 3492 893 distinctione
3525 844 3598 893 tu-

2039 928 2215 984 multu
2239 929 2525 983 certatum.
2611 925 2770 983 Nunc
2795 926 2868 991 ab
2897 925 3000 981 boc
3038 940 3258 997 quoque
3297 926 3489 983 morbo
3523 944 3597 983 sa-

2037 1016 2156 1073 nati
2184 1032 2388 1086 sumuS,
2415 1012 2659 1087 periculo
2690 1013 2930 1084 majoris.
3019 1013 3314 1087 Goepimus
3349 1013 3454 1069 viri
3479 1031 3598 1087 esse,

2038 1108 2094 1160 et
2131 1108 2523 1160 maturescente
2563 1101 2773 1172 judicio
2823 1102 3122 1175 crepundia
3167 1102 3446 1175 posuimus
3489 1120 3600 1161 cum

360 1197 604 1255 minibus
622 1196 949 1253 atheismum
968 1196 1029 1249 et
1044 1193 1323 1249 horrorem
1344 1192 1537 1249 mortis
1556 1193 1701 1249 etde
1720 1192 1940 1249 animae
2037 1198 2348 1267 praetexta:
2379 1192 2604 1264 perinde
2630 1210 2696 1248 ae
2723 1191 2772 1249 si
2793 1192 3028 1247 mundus
3059 1206 3134 1245 ex
3167 1207 3278 1263 quo
3305 1208 3343 1247 a
3369 1191 3600 1249 barbaric

360 1290 559 1343 natm‘a
584 1284 953 1343 dubitationes
980 1286 1039 1337 et
1066 1281 1331 1354 lessimas
1366 1281 1437 1337 de
1474 1281 1597 1339 Deo
1640 1282 1938 1337 sententias
2036 1281 2256 1355 revixit,
2281 1281 2546 1354 paulatim
2567 1281 2728 1337 annis
2747 1279 3124 1354 sapientiaque
3143 1280 3414 1335 crevisset.
3433 1281 3602 1351 Agno-

361 1380 460 1431 aut
494 1378 640 1433 certe
677 1374 1023 1442 fluctuantes,
1066 1371 1373 1442 multosque
1412 1370 1799 1427 consuetudine
1838 1376 1935 1443 po·
2039 1372 2235 1444 vimus,
2265 1376 2602 1443 quantopere
2625 1370 2838 1443 generis
2861 1369 3092 1425 humani
3113 1368 3346 1441 intersit,
3367 1374 3602 1426 naturam

364 1464 469 1519 tius
496 1468 596 1519 aut
622 1461 939 1517 necessitate
962 1476 1129 1531 quam
1150 1458 1361 1527 judicio
1380 1460 1637 1517 honestos
1664 1476 1795 1517 esse.
1982 1414 1988 1591 ι
2036 1460 2216 1533 ipsam
2243 1458 2472 1532 consuli,
2503 1458 2752 1531 legesque
2789 1459 3086 1530 figurarum
3125 1474 3194 1515 ac
3219 1462 3466 1513 motuum
3489 1476 3603 1515 con·

450 1552 717 1607 Videbam
754 1566 927 1605 novos
954 1549 1221 1620 quosdam
1250 1548 1596 1621 philosophos
1621 1547 1938 1620 ingentibus
2037 1548 2208 1621 stitui,
2242 1546 2442 1619 quibus
2467 1553 2692 1603 nostrae
2719 1547 2864 1603 vires
2901 1551 3224 1620 augeantur.
3310 1547 3432 1618 Sed,
3453 1554 3526 1603 ,ut
3551 1549 3602 1603 in

362 1639 617 1714 pollicitis
665 1638 930 1695 excidisse
978 1637 1129 1709 quod
1178 1637 1264 1692 vel
1314 1628 1705 1709 praeoccupata
1754 1638 1938 1691 mente
2037 1637 2316 1710 republica
2352 1635 2596 1709 plerique
2631 1636 2756 1693 aliis
2781 1636 3102 1693 laboramus
3135 1634 3298 1709 pauci
3327 1635 3500 1709 nobis
3534 1637 3602 1691 ita

361 1728 713 1801 scripsissent,
744 1726 832 1782 vel
859 1742 1109 1781 sermone
1150 1742 1184 1780 a
1212 1726 1593 1781 mathematica
1632 1725 1937 1796 severitate,
2037 1724 2358 1798 conquisitis
2377 1725 2768 1797 experimentis
2787 1728 3004 1781 tantum
3016 1724 3326 1798 posteritati
3337 1725 3602 1781 materiam

360 1834 528 1891 qnam
554 1816 660 1889 ipsi
688 1814 828 1871 alibi
866 1817 1232 1890 sequerentur,
1263 1816 1335 1870 ad
1362 1814 1679 1887 popularem
1720 1812 1940 1869 dicendi
2037 1814 2360 1887 colligimus,
2393 1813 2542 1869 unde
2561 1814 2738 1871 multa
2757 1819 2883 1887 post
2910 1814 3130 1871 saecula
3161 1813 3410 1871 veritatis
3439 1814 3600 1869 aedifi·

362 1906 679 1963 facilitatem
707 1904 973 1974 traducto,
1004 1903 1325 1977 applausum
1353 1903 1537 1977 potius
1565 1918 1732 1975 qnam
1758 1918 1940 1958 assen-
2039 1904 2186 1961 cium
2205 1902 2434 1961 excitari
2453 1903 2646 1977 possit.
2675 1902 2746 1959 Et
2769 1902 2930 1961 video
2951 1919 3186 1975 magnos
3205 1901 3370 1973 viros,
3391 1918 3508 1957 cum
3522 1901 3598 1971 ju-

362 2012 487 2053 sum
514 1992 893 2051 obtinuissent.
934 1992 1079 2048 Nam
1108 1996 1169 2047 ut
1195 1992 1357 2047 unius
1386 1997 1598 2049 tantum
1628 1992 1939 2065 exemplum
2039 1996 2320 2051 ventutem
2363 1990 2422 2049 iu
2473 1991 2872 2049 mathematicis
2927 1996 3024 2049 aut
3077 1990 3390 2047 lnnnauiori
3439 1990 3598 2048 litera-

364 2084 659 2155 adducam,
697 2082 747 2136 si
784 2080 1021 2137 eximius
1060 2086 1207 2138 certe
1254 2081 1339 2137 vir
1376 2082 1619 2138 Renatus
1668 2080 1939 2137 Cartesius
2039 2086 2163 2139 tura
2203 2080 2531 2155 posuissent,
2563 2085 2802 2139 aetatem
2843 2080 3240 2154 experimentis
3267 2084 3488 2135 natutae
3517 2084 3598 2135 aut

364 2174 452 2229 vel
478 2172 645 2229 semel
674 2169 761 2225 sui
790 2170 961 2243 ipsius
988 2186 1147 2225 causa
1176 2170 1556 2227 meditationes
1596 2172 1655 2225 in
1692 2170 1940 2243 proposi-
2039 2170 2276 2243 negotiis
2327 2168 2746 2242 impendissent,
2803 2166 2864 2224 in
2917 2168 3068 2225 flexu
3123 2169 3272 2225 vitae
3307 2166 3426 2235 jam
3465 2167 3598 2223 incli-

366 2262 560 2333 tiones,
602 2258 1005 2316 dissertationes
1042 2258 1103 2313 in
1152 2257 1671 2329 demonstrationeS,
1716 2274 1940 2313 conver-
1985 2271 1992 2369 ἲ
2039 2259 2222 2316 nantis
2266 2259 2336 2315 ad
2381 2258 2666 2315 scientiam
2711 2255 2910 2313 mentis
2963 2257 3324 2313 excolendam
3377 2256 3594 2329 rediisse,

366 2356 479 2407 tere
516 2352 743 2405 conatus
782 2347 997 2419 fuisset,
1042 2346 1263 2402 vidisset
1300 2346 1433 2419 ipse,
1475 2347 1733 2419 pleraque
1770 2346 1936 2402 hiare.
2039 2364 2149 2421 qua
2189 2347 2443 2421 propriae
2487 2346 2733 2403 felicitati
2775 2345 3095 2403 consulitur.
3183 2344 3462 2418 Sapienter
3501 2345 3595 2400 dic-

365 2437 552 2495 Patuit
596 2437 726 2508 hoe,
774 2452 901 2492 cum
950 2434 1114 2491 amici
1166 2434 1415 2508 precibus
1464 2438 1520 2491 et
1558 2438 1773 2490 tantum
1822 2451 1940 2489 non
2041 2441 2158 2492 tum
2221 2440 2306 2490 est
2347 2452 2382 2490 a
2435 2435 2570 2493 Viro
2623 2434 2838 2509 egregio
2895 2434 3270 2491 Franciseo
3323 2434 3594 2504 Bacone,

364 2526 641 2598 conviciis,
680 2523 1177 2582 demontrationem
1214 2524 1285 2579 de
1324 2523 1615 2580 existentia
1652 2523 1775 2595 Dei,
1821 2539 1938 2579 ma-
1967 2583 1972 2587 ,
2039 2522 2437 2599 philosophiam
2479 2524 2662 2580 obiter
2690 2524 2922 2579 libatam
2955 2540 2990 2578 a
3020 2524 3145 2580 Deo
3175 2522 3458 2595 abducere,
3489 2539 3594 2594 pro-

366 2614 690 2671 themathico
719 2612 911 2669 habitu
938 2611 1207 2683 vestitam,
1240 2610 1291 2667 ei
1322 2614 1609 2667 extorsere.
1682 2612 1864 2677 Quam
1892 2611 1941 2666 si
2040 2612 2262 2668 sandius
2305 2612 2557 2667 haustam
2597 2612 2832 2670 reddere
2875 2612 3126 2669 creatori.
3205 2612 3357 2667 Idem
3399 2611 3594 2667 saeculo

365 2705 438 2760 ab
476 2702 598 2776 ipso
634 2719 737 2776 pro
772 2702 1237 2757 demonstratione
1273 2698 1515 2755 habitam
1554 2706 1757 2773 putem,
1800 2699 1942 2771 inju-
2041 2717 2296 2773 auguror,
2343 2702 2459 2757 fore
2503 2706 2565 2756 ut
2620 2701 2854 2775 pretium
2907 2701 3199 2758 sanctioris
3251 2699 3594 2775 philosophiae

367 2794 509 2849 riam
537 2790 653 2859 ejus
682 2789 903 2863 ingenio
933 2805 1022 2843 me
1054 2791 1229 2844 facere
1256 2794 1549 2845 autumem.
2041 2788 2394 2847 redeuntibus
2445 2790 2516 2845 ad
2561 2807 2622 2845 se
2663 2788 2976 2845 hominibus
3029 2793 3358 2863 agnoscatur
3407 2794 3462 2845 et
3499 2805 3596 2843 ma·

453 2882 593 2938 Sunt
612 2880 709 2952 qui
730 2877 1171 2934 mathematicum
1190 2877 1431 2950 vigorem
1450 2876 1625 2934 extrui
1636 2876 1942 2952 psasscien-
1988 2840 1995 2907 θ
2043 2878 2332 2935 thematica
2375 2878 2558 2936 studia
2601 2882 2720 2934 tum
2763 2878 2834 2934 ad
2869 2878 3164 2936 severioris
3201 2876 3393 2946 judicii
3435 2892 3598 2934 exem-

368 2971 491 3044 tias,
514 2985 649 3041 quas
672 2969 833 3040 vulgo
848 2967 1257 3023 mathematicas
1280 2967 1634 3040 appellamus,
1647 2966 1828 3022 locum
1848 2967 1942 3022 ha-
2041 2969 2212 3042 plum,
2259 2971 2382 3022 tum
2423 2967 2494 3023 ad
2537 2968 2966 3040 cognoscendam
3005 2966 3355 3024 harmoniam
3396 2983 3458 3022 ac
3497 2965 3597 3040 pul·

367 3060 497 3115 bere
518 3073 629 3114 non
651 3061 862 3130 putant.
907 3055 1011 3112 Sed
1034 3055 1115 3111 illi
1138 3055 1408 3128 ignorant,
1435 3055 1581 3111 idem
1602 3073 1717 3112 esse
1737 3057 1942 3112 mathe-
2042 3056 2362 3114 chritudinis
2405 3057 2557 3113 velut
2587 3057 2784 3128 ideam,
2821 3061 3050 3113 naturae
3082 3074 3220 3113 vero
3251 3056 3598 3132 experimenta

367 3147 565 3204 matice
605 3145 854 3217 scribere,
896 3143 1044 3217 quod
1082 3143 1141 3202 in
1171 3147 1374 3218 forma,
1418 3148 1482 3200 ut
1517 3144 1681 3216 logici
1722 3147 1940 3216 vocant,
2043 3147 2114 3202 ad
2138 3143 2366 3218 autoriS,
2411 3145 2504 3218 qni
2545 3144 2847 3217 imaginem
2889 3146 3080 3204 idealis
3125 3145 3328 3202 mundi
3371 3144 3594 3200 sensibili

366 3233 703 3305 ratiocinari,
733 3238 788 3289 et
817 3237 1093 3306 praeterea
1120 3232 1527 3288 distinctionum
1554 3233 1940 3305 oeptiuneulas,
1991 3254 1998 3354 Ι
2042 3233 2328 3307 expressit,
2357 3232 2794 3307 admirationem,
2827 3234 3009 3290 studia
3049 3234 3291 3307 denique
3333 3234 3510 3290 omnia
3536 3231 3598 3288 ad

368 3325 567 3398 quibus
594 3322 839 3394 alioquin
868 3326 1078 3395 tempus
1110 3321 1299 3378 teritur
1319 3338 1427 3376 una
1457 3321 1771 3377 definitione
1790 3337 1946 3394 prae·
1993 3361 1996 3395 =
2045 3323 2379 3395 felicitatem,
2427 3323 2744 3396 dirigantur.
3543 3389 3555 3408 .

368 3402 572 3470 venire.
658 3411 778 3468 Hoc
815 3410 963 3466 enim
1002 3409 1163 3466 unico
1204 3409 1513 3468 scholastici
1552 3409 1689 3466 vitio
1730 3409 1944 3466 labora·
1991 3401 1997 3495 ᾗ
2131 3411 2346 3468 hiterea
2375 3428 2474 3484 per
2503 3410 2953 3485 anticipationem
2983 3409 3045 3468 id
3073 3427 3320 3484 agamus,
3354 3415 3415 3466 ut
3445 3408 3596 3466 animi

369 3518 515 3573 vere,
544 3499 692 3572 quod
718 3515 843 3554 cum
872 3499 1186 3572 plerumque
1216 3499 1467 3554 ordinate
1510 3497 1641 3554 satis
1670 3502 1743 3570 et,
1774 3504 1837 3555 ut
1865 3498 1944 3554 sic
2043 3517 2232 3556 eorum
2259 3505 2538 3572 sanentur,
2577 3516 2713 3573 quos
2753 3499 3088 3556 blandientis
3127 3500 3410 3568 cuiusdam
3446 3499 3598 3572 philo-

370 3591 579 3662 dicam‚
640 3587 1019 3644 mathematice
1076 3587 1464 3642 ratiocinentur
1477 3627 1493 3658 ,
1553 3587 1945 3645 vocabulorum
1991 3599 1998 3647 ν
2043 3589 2264 3662 sophiae
2293 3589 2526 3661 novitaS,
2571 3588 3012 3644 mathematicum
3047 3589 3314 3660 quiddam
3341 3587 3596 3656 ementita,

368 3695 531 3735 nsum
571 3678 835 3750 reliquere
872 3676 933 3732 in
968 3676 1193 3732 incerto.
1280 3675 1439 3731 Unde
1486 3692 1587 3747 pro
1628 3675 1946 3734 definitione
1991 3663 1998 3749 l
2043 3677 2302 3750 corrupit,
2331 3677 2570 3750 periculo
2597 3677 2822 3734 diuinae
2847 3677 3106 3734 veritatis.
3195 3677 3502 3736 Indubitata
3523 3691 3598 3730 res

367 3768 531 3824 unica
556 3766 760 3823 multae
788 3765 1143 3836 (tentationes,
1184 3781 1287 3837 pro
1314 3764 1777 3822 demonstratione
1814 3764 1946 3821 irre-
1991 3752 1998 3879 i
2045 3770 2144 3839 est,
2175 3771 2232 3823 et
2269 3766 2556 3822 Aristoteli
2593 3778 2812 3838 quoque
2855 3767 3060 3839 agnita,
3100 3767 3290 3824 omnia
3329 3766 3390 3824 in
3423 3770 3599 3822 natura

369 3856 620 3930 stagabili
672 3855 877 3910 multae
922 3853 986 3909 in
1035 3857 1321 3925 utramque
1381 3858 1595 3926 partem
1646 3853 1944 3927 argutatio-
2044 3869 2304 3928 corporea
2345 3871 2380 3911 a
2409 3854 2784 3927 magnitudine
2822 3856 2994 3927 figura
3031 3859 3088 3910 et
3125 3861 3288 3914 motu
3319 3853 3488 3928 repeti
3521 3852 3600 3908 de-

368 3963 465 4003 nes
500 3950 691 4016 natae3
736 3943 935 4015 quibus
960 3942 1149 3998 divina
1176 3958 1365 3996 eorum
1392 3942 1649 4014 dogmata
1686 3947 1745 3999 et
1770 3943 1944 3998 admi-
1991 3894 1998 4026 ,f
2043 3943 2186 4000 bere.
2261 3943 2528 3999 Doctrina
2581 3944 2650 3999 de
2689 3943 3064 4015 magnitudine
3097 3949 3159 4002 et
3199 3946 3380 4017 figura
3407 3939 3600 4015 egregie

367 4035 573 4090 rendae
606 4049 721 4088 non
757 4047 884 4088 raro
922 4029 1425 4104 contemplationes,
1466 4032 1539 4087 ab
1566 4030 1789 4086 homine
1828 4048 1944 4088 ma-
1990 4040 1998 4105 ι
2042 4031 2262 4088 exculta
2285 4036 2385 4103 est,
2415 4030 2612 4088 intima
2639 4037 2821 4088 motus
2847 4033 3094 4090 nondum
3132 4037 3338 4106 patent,
3377 4031 3600 4104 neglectu

370 4122 659 4178 thematice
686 4121 847 4176 docto
878 4135 991 4174 non
1018 4119 1310 4174 difficulter
1336 4122 1648 4193 purgentur.
1991 4118 1996 4213 ξ
2042 4121 2254 4194 primae
2301 4120 2701 4194 philosophiae,
2753 4122 2900 4178 unde
2947 4122 3246 4194 repetenda
3293 4125 3431 4176 sunt.
3513 4118 3600 4172 Fst

456 4209 662 4265 Utilem
690 4213 875 4264 autem
913 4208 1051 4262 hanc
1089 4224 1310 4280 operam
1336 4226 1407 4264 eo
1442 4207 1621 4279 magis
1657 4207 1940 4279 putabam,
1991 4242 1996 4253 ·
2042 4209 2192 4265 enim
2219 4209 2641 4282 Metapbysicae,
2671 4215 2904 4269 metare
2939 4210 3010 4266 de
3035 4211 3341 4268 mutatione
3377 4214 3602 4280 tempore

370 4299 519 4371 quod
544 4298 769 4370 gliscere
796 4296 1039 4352 viderem
1066 4295 1127 4351 in
1166 4297 1365 4351 animis
1400 4296 1689 4351 hominum
1726 4300 1943 4352 senten·
1990 4282 1996 4325 ²
2041 4299 2302 4354 continuo
2330 4298 2392 4356 in
2427 4298 2756 4356 universnm.
2843 4299 3032 4356 Motus
3069 4299 3220 4354 enim
3259 4298 3456 4373 speeies
3493 4299 3600 4350 tan·

371 4388 479 4442 tias
506 4386 849 4459 periculosae,
890 4401 926 4439 a
957 4387 1127 4441 falsae
1153 4385 1524 4459 philosophiae
1562 4384 1946 4441 mathematica
1990 4362 1996 4430 ἶ
2043 4391 2161 4444 tum
2189 4387 2526 4444 mutationis.
2611 4387 2740 4444 Non
2783 4379 3056 4444 intellecta
3091 4393 3275 4444 motus
3311 4391 3500 4444 natura
3534 4385 3600 4438 se-

371 4475 607 4547 quadam
646 4474 799 4530 larva
836 4477 1011 4548 natas,
1043 4476 1099 4528 et
1127 4489 1347 4530 omnem
1384 4475 1599 4530 scholae
1637 4472 1942 4530 doarimm
2042 4476 2136 4549 cit,
2177 4480 2242 4530 ut
2279 4474 2516 4548 insignes
2553 4476 2860 4549 philosophi
2905 4481 3162 4534 naturam
3207 4475 3464 4534 materiae
3495 4470 3600 4528 sola

371 4579 475 4637 pro
512 4563 673 4635 nugis
719 4561 963 4634 explodi.
1048 4562 1487 4636 Quotusquisquxe
1534 4563 1686 4618 enim
1732 4575 1940 4636 eorum,
2042 4564 2364 4622 extemione
2389 4564 2920 4638 eimumseripserint,
2953 4564 3099 4622 uude
3135 4570 3271 4626 nata
3311 4568 3394 4622 est
3427 4575 3600 4633 corpo·

372 4652 465 4724 qui
494 4651 568 4708 ad
606 4651 807 4708 saeculi
846 4667 1059 4706 morem
1096 4652 1246 4708 docti
1284 4655 1429 4725 sunt,
1469 4652 1585 4725 has,
1624 4656 1687 4708 ut
1722 4657 1938 4727 vocant,
1991 4669 1996 4737 j
2041 4654 2120 4710 ris
2147 4657 2310 4710 antea
2345 4652 2594 4710 inaudita
2623 4655 2799 4726 notio,
2827 4671 2943 4712 non
2979 4654 3154 4728 magis
3191 4658 3418 4712 naturae
3455 4651 3599 4723 phae-

372 4741 535 4798 tricas
574 4740 718 4796 lectu
755 4738 945 4812 dignas
972 4741 1303 4798 arbitraturi
1344 4739 1461 4813 Ego
1482 4738 1758 4808 juventuti
1789 4757 1944 4798 meae
1991 4744 1996 4805 ξ
2043 4742 2312 4814 nomenis,
2340 4758 2508 4814 quam
2535 4743 2664 4800 fidei
2689 4743 2964 4814 mysteriis
3001 4743 3370 4802 conciliabilis.
3443 4735 3600 4794 Nimi-

372 4830 634 4903 gratulor,
670 4844 811 4901 quae
846 4829 1187 4886 occasionem
1223 4828 1377 4885 dedit
1412 4829 1545 4885 haee
1580 4843 1794 4902 quoqne
1830 4835 1944 4886 stu·
1992 4808 1998 4897 ξ
2044 4848 2170 4889 rum
2193 4831 2557 4888 demonstrari
2583 4837 2780 4906 potest,
2822 4837 3110 4892 extensum
3135 4831 3288 4890 nulla
3323 4831 3432 4888 alia
3465 4841 3596 4883 acee-

372 4919 467 4976 dia
493 4915 871 4991 cognoscendi,
900 4923 1193 4992 antequam
1214 4911 1385 4990 inens,
1408 4917 1623 4976 imbuta
1648 4919 1946 4977 mathema-
2045 4921 2208 4978 (lente
2245 4919 2536 4996 qualitate,
2579 4922 2776 4997 agendi
2813 4921 3167 4998 patiendique
3213 4920 3442 4993 imapax
3477 4929 3596 4984 (ΝΘ,

372 5009 521 5082 ticis,
585 5007 697 5064 alia
746 5007 1025 5064 fastidiose
1072 5023 1325 5081 spernere
1376 5007 1711 5064 assuevisset.
1806 5011 1949 5067 Sunt
2045 5011 2234 5069 omnia
2261 5027 2474 5071 summe
2499 5011 2686 5085 fluida,
2726 5013 2785 5070 id
2823 5018 2910 5069 est
2948 5029 3135 5084 vacua,
3177 5013 3320 5081 fere,
3357 5005 3594 5062 unionem

372 5098 641 5170 quaedam
658 5095 831 5154 veluti
850 5095 1061 5171 periodi
1080 5095 1413 5168 studiorum3
1433 5101 1553 5152 (παι
1570 5099 1801 5171 tempus,
1820 5115 1948 5158 eum

2045 5119 2334 5175 corporum
2361 5107 2418 5158 et
2445 5117 2611 5173 qua-m
2637 5101 2698 5156 in
2725 5100 2794 5156 iis
2821 5102 3084 5158 sentimus
3109 5099 3418 5158 firmitatem
3441 5089 3598 5164 expli-

374 5187 693 5244 scholastica
726 5185 1025 5260 'lbcologia
1062 5185 1181 5243 sola
1224 5183 1591 5259 principatum
1642 5186 1946 5263 obtinebat,
2045 5189 2160 5247 cari
2187 5207 2300 5248 non
2327 5206 2500 5264 posse,
2531 5187 2764 5262 denique
2789 5189 2936 5263 leges
2962 5193 3214 5248 motuum
3237 5189 3310 5246 ab
3337 5181 3596 5259 experien-
