3717 5850
375 331 418 412 2'
1449 347 1491 404 1.
1561 347 1663 403 Da
1704 344 2071 404 rumcu’m
2116 333 2498 402 monrium.

375 517 464 558 res
491 495 770 570 quaelibet
801 509 899 565 per
928 507 1086 546 suam
1116 490 1404 553 entitatem
1435 493 1548 546 est:
1589 489 1654 548 Ε.
1675 517 1749 530 --
1777 487 1964 546 Maior

377 588 668 663 probatur,
712 582 844 654 quia
874 597 1046 635 unum
1077 597 1242 653 supra
1285 597 1384 634 ens
1423 579 1560 634 nihil
1607 578 1762 634 addit
1797 579 1961 634 reale.

381 677 480 733 Usi
508 677 636 729 sunt
662 669 764 728 hoc
796 673 1118 741 argumento
1149 685 1342 726 omnes
1361 668 1520 738 hujus
1548 667 1850 722 sententiae
1872 666 1965 721 de-

381 769 634 822 fensoms.
671 759 989 831 Responde-t
1030 757 1393 814 Bassolius
1433 757 1668 840 Scotista
1707 755 1965 828 negando

381 851 674 922 majorem:
721 864 786 903 ac
815 845 966 919 dicit,
997 851 1382 902 naturam-seu
1424 845 1713 902 entitatem
1749 845 1832 900 rei
1859 843 1966 898 dil·-

383 945 524 998 t'e-rre
555 936 889 1008 normaliter,
923 951 1042 992 non
1071 936 1310 991 realiter.
1372 935 1445 990 Et
1475 935 1554 989 sic
1594 933 1823 990 limitatz
1868 948 1967 1004 per

382 1029 534 1102 quod
563 1026 696 1099 quid
725 1029 826 1096 est,
859 1041 958 1096 per
977 1023 1125 1079 idem
1156 1023 1376 1080 realiter
1407 1039 1578 1078 unum
1609 1037 1840 1077 numero
1863 1024 1965 1093 eet,

383 1123 443 1173 et
483 1117 562 1172 sic
591 1115 931 1170 conceditur:
964 1113 1010 1167 si
1043 1129 1142 1185 per
1171 1111 1319 1167 idem
1350 1112 1683 1184 sonnaliter,
1719 1112 1965 1180 negatur.

386 1207 460 1262 Et
487 1205 559 1260 ad
593 1201 980 1276 probationem
1011 1201 1190 1256 dicere
1221 1204 1429 1274 potest,
1474 1199 1622 1271 quod
1663 1213 1836 1256 unum
1870 1196 1969 1251 ali·

309 1275 316 1282 .
384 1295 521 1368 quid
559 1309 724 1366 supra
765 1307 865 1346 ens
905 1289 1076 1344 addat
1128 1289 1432 1344 fonnaliter
1485 1288 1782 1344 diversum.
1862 1283 1971 1341 Sed

384 1383 518 1442 haec
535 1379 972 1456 profligabuntur
991 1377 1137 1433 infra
1165 1377 1224 1432 in
1244 1377 1573 1432 refutatione
1593 1374 1758 1432 Scoti.

475 1472 525 1541 ξ.
552 1473 608 1527 6.
655 1467 1128 1525 Mercenarius
1149 1469 1313 1537 negat
1333 1465 1618 1538 maiorem,
1653 1469 1711 1522 et
1739 1463 1813 1520 ad
1843 1478 1971 1536 pro·

387 1561 670 1617 bationem
691 1556 840 1630 dicit,
865 1571 978 1611 non
999 1553 1221 1627 quidem
1241 1569 1414 1610 unum
1434 1554 1630 1627 specie,
1663 1551 1762 1608 sed
1783 1557 1972 1608 tamen

387 1665 560 1706 unum
599 1660 828 1702 numero
859 1643 1063 1699 addere
1105 1642 1313 1714 aliquid
1354 1659 1520 1715 supra
1549 1659 1662 1698 ens,
1708 1640 1815 1697 Sed
1841 1657 1973 1696 eon·

385 1742 499 1794 tra:
532 1736 590 1792 id
611 1734 758 1808 quod
779 1732 952 1804 addit,
975 1746 1145 1803 quum
1167 1731 1242 1785 sit
1259 1731 1468 1803 aliquid
1488 1731 1652 1803 reale,
1665 1729 1770 1786 erit
1790 1729 1973 1801 ipsum

386 1841 602 1898 quoque
645 1839 761 1893 ena,
806 1821 870 1876 E.
915 1819 1082 1875 addet
1121 1818 1331 1891 aliquid
1361 1835 1524 1892 supra
1569 1836 1628 1874 se
1657 1818 1858 1891 ipsum.
1914 1816 1974 1874 Si

386 1929 520 1970 vero
537 1911 713 1984 dicat,
747 1923 864 1964 non
894 1906 1047 1980 loqui
1079 1925 1138 1962 ee
1168 1907 1238 1962 de
1257 1907 1588 1980 muniente,
1624 1905 1772 1979 quod
1803 1907 1975 1962 etiam

387 2001 582 2056 modos
591 1997 852 2070 includat,
863 2011 1058 2068 urgeo:
1080 1995 1160 2069 id,
1173 2011 1336 2068 supra
1347 1997 1492 2068 quod
1502 1995 1684 2051 unitas
1693 1995 1975 2054 numerica

387 2087 597 2160 aliquid
613 2085 787 2158 addit,
799 2088 885 2141 eet
903 2101 1018 2141 ens.
1063 2085 1120 2139 Si
1131 2084 1390 2156 igiturest
1397 2101 1570 2141 unum
1580 2099 1975 2156 numemprae-

387 2177 560 2233 cisum
579 2176 651 2231 ab
675 2174 883 2248 addito,
897 2171 1035 2229 nihil
1055 2172 1212 2228 addit
1227 2173 1410 2228 unitas
1431 2173 1737 2246 numeriea3
1759 2173 1848 2227 sin
1870 2172 1974 2228 mi·

389 2281 512 2338 nuS,
535 2263 760 2320 dabitur
777 2262 1055 2334 quoddam
1075 2277 1176 2317 ens
1191 2262 1358 2333 reale,
1383 2263 1532 2333 quod
1551 2277 1668 2317 non
1687 2261 1763 2317 sit
1793 2261 1976 2333 singn-

389 2354 522 2426 lare,
543 2353 614 2408 de
634 2367 744 2424 quo
764 2351 923 2406 iun-a.
954 2351 1152 2423 Teneo,
1177 2349 1798 2422 quodMercenariua
1819 2365 1977 2405 more

388 2441 676 2504 scotistico
695 2439 978 2513 reapondit
990 2479 1008 2513 ,
1043 2453 1214 2511 quum
1233 2440 1418 2495 faveat
1445 2439 1708 2496 Thomae.

477 2529 527 2598 β.
575 2529 630 2584 7.
707 2527 1101 2584 Rumoneda
1153 2526 1474 2600 reupondett
1528 2543 1704 2583 unum
1767 2530 1825 2582 et
1880 2541 1979 2584 ene

391 2617 696 2676 fomialiter
725 2617 960 2690 distem,
993 2615 1244 2688 quamvis
1278 2616 1634 2673 materialiter
1662 2615 1776 2670 sint
1806 2615 1974 2673 idem.

391 2707 498 2763 Per
535 2691 610 2758 τὸ
653 2705 958 2761 fonnaliter
997 2703 1281 2776 intelligi‘t:
1325 2705 1550 2761 differre
1590 2704 1824 2761 ratione.
1912 2704 1975 2760 E.

389 2796 560 2852 etiam
579 2793 854 2868 principia
875 2793 1034 2850 unius
1055 2807 1284 2848 numero
1305 2799 1364 2850 et
1381 2793 1546 2866 entia,
1569 2794 1786 2849 ratione
1821 2793 1979 2848 diffe-

390 2889 536 2941 runt.
611 2881 948 2939 Soncinas
977 2882 1087 2956 ait,
1124 2880 1336 2938 Arist.
1404 2881 1498 2940 IV.
1532 2883 1688 2941 Met.
1727 2882 1798 2957 2,
1832 2880 1979 2938 unde

390 2972 494 3029 hoc
511 2975 892 3044 argumentum
913 2975 1152 3045 sumunt,
1167 2986 1282 3027 non
1303 2972 1454 3044 loqui
1467 2972 1538 3027 de
1553 2972 1770 3029 unitate
1790 2986 1979 3027 nume·

391 3061 513 3133 rati,
537 3058 634 3115 sed
656 3060 1130 3135 transcendcntali.
1173 3060 1378 3116 Verum
1399 3064 1458 3115 et
1479 3060 1578 3116 illa
1598 3064 1684 3117 est
1704 3064 1981 3116 naum-en-

393 3149 546 3221 dem,
581 3152 639 3203 et
667 3164 782 3204 non
810 3148 974 3204 datur
992 3149 1175 3205 unitas
1193 3149 1358 3204 mulis
1379 3148 1607 3223 speciei,
1643 3154 1860 3222 praeter
1879 3164 1980 3207 nu-

393 3237 670 3292 meralem.
735 3237 929 3293 Posset
959 3252 1175 3309 quoque
1203 3237 1402 3309 aliquis
1436 3252 1538 3308 pro
1571 3238 1828 3293 onmibus
1858 3253 1981 3293 een·

394 3324 586 3380 tentiis
636 3324 880 3380 adversis
917 3340 990 3381 ex
1033 3342 1103 3382 eo
1149 3325 1533 3398 mndamento,
1581 3340 1694 3399 quo
1739 3342 1776 3381 a
1813 3326 1980 3381 nobis

395 3412 688 3487 differunt,
719 3400 1075 3487 respondere,
1109 3414 1225 3469 fleri
1246 3428 1419 3469 unum
1439 3430 1671 3470 numero
1692 3430 1791 3487 per
1821 3430 1979 3470 suam

395 3502 702 3575 entitatem,
737 3502 834 3558 aed
861 3518 978 3559 non
997 3508 1188 3559 totam.
1235 3501 1439 3558 Verum
1471 3502 1686 3577 obstat,
1717 3502 1869 3575 quod
1898 3503 1980 3557 al·

396 3595 516 3647 tera
549 3606 767 3663 quoque
794 3607 922 3664 pars
944 3591 1235 3647 ina-imeae
1267 3596 1354 3645 est
1381 3607 1494 3647 nna
1524 3608 1782 3665 numero,
1815 3596 1876 3647 et
1895 3608 1978 3647 se·

397 3683 677 3753 queretur,
726 3680 774 3735 si
807 3680 1076 3753 principia
1119 3678 1335 3735 interna
1365 3680 1528 3735 unius
1559 3686 1618 3737 et
1647 3680 1792 3737 entis
1820 3680 1979 3737 diffe-

397 3771 529 3824 runt
565 3772 629 3825 ut
651 3770 828 3824 totum
845 3774 904 3825 et
934 3784 1090 3841 pars,
1123 3782 1296 3823 unum
1327 3773 1386 3824 et
1415 3784 1514 3825 ens
1545 3784 1760 3841 quoque
1801 3773 1865 3825 ut
1896 3773 1981 3824 to·

395 3861 518 3912 tum
557 3861 620 3913 et
657 3862 872 3929 partem
923 3858 1173 3930 differre,
1225 3855 1344 3911 imo
1387 3874 1485 3913 ene
1527 3857 1738 3931 aliquid
1779 3857 1981 3913 addere

397 3958 565 4016 supra
591 3960 780 4001 unum.
827 3946 1011 4017 Atque
1040 3946 1171 4001 haec
1199 3944 1271 4001 dc
1299 3946 1400 4001 hoc
1433 3951 1756 4017 argumento
1789 3946 1977 4021 nisiae,

399 4037 464 4089 ut
497 4032 691 4089 melius
707 4032 975 4109 videatur,
997 4050 1138 4107 quae
1155 4034 1386 4106 quisque
1407 4035 1608 4105 effugia
1625 4040 1869 4107 quaerat.

487 4120 542 4189 ἦ.
569 4120 629 4178 7.
657 4120 713 4176 2.
785 4122 943 4186 Quae
971 4126 1100 4179 emit
1129 4122 1401 4195 principia
1429 4122 1576 4177 entis
1605 4124 1667 4178 in
1687 4122 1983 4179 universali

397 4209 756 4283 universalia,
789 4226 858 4266 ea
889 4216 1017 4267 emit
1035 4210 1155 4279 ejus
1183 4210 1456 4282 principia
1485 4210 1546 4264 in
1576 4210 1840 4281 singulari
1872 4212 1981 4267 sin·

401 4297 624 4369 gularia.
680 4298 787 4355 Sed
819 4302 940 4355 tota
971 4299 1174 4355 entitas
1203 4302 1289 4354 est
1323 4298 1656 4369 principium
1685 4299 1830 4354 entis
1859 4300 1982 4355 mii-

399 4387 612 4443 vernale
629 4387 690 4443 in
709 4387 1027 4443 universali:
1050 4386 1115 4441 Ε.
1126 4414 1200 4429 --
1225 4384 1413 4455 Major
1429 4387 1698 4459 probatur
1721 4387 1982 4459 probabi-

401 4474 530 4531 liter
555 4476 630 4531 ab
651 4474 906 4547 analogia
925 4474 984 4547 2,
1017 4474 1148 4547 quia
1179 4474 1448 4546 principia
1477 4475 1806 4531 universalia
1825 4478 1981 4532 nullo

400 4564 520 4619 allo
535 4562 796 4619 diffluunt
815 4578 852 4617 a
869 4562 1150 4635 singulari,
1180 4562 1290 4617 nisi
1309 4562 1455 4635 quod
1477 4578 1514 4617 a
1533 4564 1721 4619 multia
1742 4562 1981 4637 singula-

399 4651 556 4708 ribus
585 4650 857 4707 similibus
887 4651 1292 4707 absmhmtur.
1348 4650 1449 4707 Est
1468 4650 1570 4707 hoc
1599 4658 1981 4725 argumentum

401 4738 674 4798 Stahlii.
753 4739 809 4794 3.
856 4738 1245 4796 Duranduez
1289 4738 1590 4796 universale
1619 4746 1678 4797 et
1707 4740 1982 4813 singulum

403 4842 521 4883 non
547 4824 807 4881 diffluunt
835 4828 1089 4883 meliten
1132 4826 1194 4884 E.
1227 4826 1430 4884 habent
1459 4830 1652 4885 eadem
1680 4830 1978 4903 principia:

402 4914 470 4973 E.
497 4913 698 4971 entitas
727 4918 864 4987 tota,
895 4930 1038 4987 quae
1065 4920 1152 4971 est
1181 4916 1507 4991 principium
1533 4918 1977 4995 universalitatis,

401 5005 510 5061 erit
526 5000 940 5075 singularitatis·

491 5092 540 5163 ξ.
567 5090 623 5148 8.
683 5092 738 5147 4.
771 5090 949 5148 Datur
967 5108 1018 5148 v.
1042 5110 1096 5166 g.
1130 5093 1189 5150 in
1207 5094 1430 5153 Soa-ate
1459 5100 1656 5153 natum
1687 5094 1979 5155 intrinseee

2063 491 2223 544 metm
2244 487 2597 559 intelloetum,
2634 490 2693 544 et
2707 485 2760 540 ei
2780 488 3023 558 negaret,
3058 483 3279 540 daretur
3298 487 3493 539 contra
3510 483 3665 540 Tho-

2064 577 2257 631 mistas
2288 575 2595 630 universale
2625 575 2957 646 completum
2989 573 3049 628 in
3088 574 3266 629 rebus,
3333 573 3456 629 Iino
3487 573 3665 628 etiarn

2064 666 2199 721 dicit
2228 661 2587 720 Bassoliue
2616 663 2885 736 Scotista,¹
2922 662 3070 734 quod
3102 662 3261 717 detur
3292 663 3471 720 solum
3506 663 3567 717 in
3598 681 3669 718 re

2066 754 2377 832 universale
2428 752 2489 808 in
2528 752 2809 831 potentia,
2864 769 3063 825 nempe
3116 755 3313 808 natura
3364 753 3669 820 singularis

2066 844 2405 915 ill-respectu
2424 841 2496 896 ad
2520 841 2884 913 intellec-tum,
2918 841 3014 914 qui
3040 857 3173 896 cum
3204 839 3479 896 similibus
3508 858 3673 896 com-

2067 947 2263 1004 parare
2296 933 2493 1002 potest.
2560 929 2807 985 Ulterius
2848 929 3081 985 daturne
3120 929 3290 984 etiam
3334 935 3532 985 natura
3578 930 3673 984 in-

2069 1020 2328 1076 differens
2364 1019 2425 1072 in
2452 1018 2709 1074 Socrate?
2748 1017 2808 1073 Si
2839 1018 3020 1092 nulla,
3048 1017 3170 1087 jam
3202 1022 3384 1092 patet,
3418 1017 3567 1090 quod
3602 1036 3677 1073 se

2070 1110 2252 1180 ipsam
2282 1106 2593 1162 individuet
2621 1110 2817 1161 natura
2850 1106 3119 1179 Socratis3
3158 1108 3245 1161 sin
3274 1107 3476 1180 aliqua,
3503 1107 3677 1162 ‹labi-

2072 1201 2162 1252 tur
2192 1197 2360 1253 simul
2392 1195 2651 1251 differens
2682 1199 2739 1250 et
2775 1194 3089 1250 indifferens
3121 1199 3317 1251 natura
3337 1196 3579 1251 huniana
3606 1195 3679 1250 in

2071 1288 2307 1342 Socrate.
2353 1283 2469 1340 Nec
2500 1283 2694 1356 effingit
2724 1284 3055 1339 Sonciuas
3086 1284 3289 1356 dicem,
3324 1285 3469 1358 quod
3500 1285 3681 1340 diffe-

2072 1391 2199 1433 rens
2230 1379 2288 1431 et
2318 1373 2637 1430 indifferens
2669 1371 2887 1428 differat
2919 1371 3153 1430 ratione.
3199 1371 3343 1428 Nam
3375 1373 3456 1428 sic
3486 1377 3677 1448 patet,

2072 1465 2220 1538 quod
2250 1466 2447 1520 natura
2469 1461 2544 1516 sit
2564 1461 2929 1520 determinata
2957 1461 3018 1518 in
3038 1479 3099 1518 re
3120 1478 3219 1536 per
3236 1479 3298 1520 se
3316 1462 3515 1538 imam,
3546 1479 3683 1520 non

2072 1571 2173 1627 per
2198 1551 2409 1624 aliquid
2431 1550 2698 1606 additum.

2162 1642 2213 1711 ξ.
2240 1641 2298 1696 9.
2360 1641 2414 1695 5.
2460 1638 2717 1694 Essentia
2736 1637 2946 1712 aliqua,
2979 1639 3289 1694 humanitas
3316 1655 3373 1694 v.
3396 1656 3447 1710 g.
3470 1639 3681 1696 Socra·

2076 1731 2177 1805 tia,
2218 1733 2317 1785 aut
2350 1729 2535 1786 differt
2564 1743 2797 1782 numero
2830 1725 2903 1780 ab
2934 1727 3273 1783 humanitate
3292 1727 3543 1784 Platonis
3586 1729 3683 1784 in·

2075 1820 2331 1891 trinseee,
2367 1817 2417 1871 si
2446 1833 2645 1888 nempe
2665 1813 3109 1888 praesciudamus
3130 1816 3207 1890 id,
3252 1817 3401 1888 quod
3431 1822 3683 1872 naturae

2074 1913 2235 1964 extra
2265 1907 2446 1978 ipsam
2476 1905 2889 1978 mperadditum
2920 1909 3029 1977 eet,
3064 1908 3165 1961 tuit
3190 1921 3325 1962 non.
3384 1906 3443 1961 Si
3470 1905 3683 1962 differt

2076 2013 2305 2052 numero
2326 1993 2645 2067 intrinsece,
2678 1991 2989 2049 individuat
3008 2009 3069 2048 ae
3090 1993 3285 2066 ipoem.
3328 1993 3429 2049 Sin
3448 1994 3677 2068 minue,

2075 2085 2333 2158 sequitur,
2346 2083 2493 2156 quod
2504 2082 2566 2139 in
2584 2099 2643 2140 ee
2660 2081 2973 2138 humatum
2981 2081 3231 2138 Platonis
3238 2081 3543 2138 etSou-atis
3554 2085 3685 2139 sint

2080 2174 2227 2230 idem
2236 2188 2481 2228 numero.
2527 2171 2689 2226 Etuti
2700 2175 3032 2226 naturacum
3042 2169 3374 2244 aliammra,
3384 2173 3685 2243 itapooect

2076 2279 2292 2336 quoque
2320 2277 2448 2317 cum
2478 2260 2669 2316 addito
2688 2260 3011 2331 comparari.
3066 2259 3175 2316 Sed
3195 2275 3339 2316 nune
3358 2261 3543 2316 mitto.

2164 2351 2218 2420 g.
2259 2350 2359 2408 10.
2406 2351 2745 2421 Argumenta
2772 2348 2834 2402 in
2862 2347 3201 2406 contrarium
3228 2365 3404 2422 pauca
3446 2355 3593 2405 aunt
3624 2355 3685 2406 et

2078 2440 2235 2513 parvi
2266 2438 2549 2496 momenti.
2608 2437 2657 2494 Ι.
2688 2436 2963 2514 Quicquid
2994 2438 3281 2494 constituit
3312 2435 3683 2496 individuum

2079 2529 2459 2601 materialiter,
2496 2541 2613 2582 non
2638 2525 2927 2582 constimit
2948 2526 3265 2586 formaliter.
3320 2527 3427 2583 Sed
3458 2529 3685 2584 entitas

2078 2617 2423 2674 individuum
2432 2615 3305 2686 constituitipsumnuterialitere
3327 2613 3395 2673 Ε.
3407 2645 3482 2658 -···
3500 2617 3685 2690 Roep.

2080 2705 2331 2778 negando
2364 2705 2647 2778 maiorem,
2691 2703 2823 2776 quia
2852 2704 3139 2761 nutet-lale
3168 2708 3227 2760 et
3256 2704 3491 2761 formale
3520 2705 3687 2762 indi·

2080 2793 2250 2866 vidui,
2274 2811 2372 2850 seu
2391 2793 2598 2866 specioe
2618 2797 2679 2849 et
2698 2791 3059 2867 individuum,
3084 2807 3199 2848 non
3218 2792 3484 2850 ‹tiffmt
3502 2795 3685 2850 reali-

2078 2887 2180 2941 ter.
2204 2883 2276 2939 11.
2310 2883 2368 2940 Si
2408 2881 2645 2939 oesentia
2672 2881 2737 2937 in
2766 2897 2828 2937 se
2856 2886 3005 2938 curet
3036 2881 3357 2956 existentia,
3404 2899 3511 2939 nea
3542 2899 3685 2941 eam

2078 2972 2341 3047 implicat,
2366 2972 2625 3045 sequimr,
2650 2970 2797 3043 quod
2819 2971 2893 3027 sit
2912 2972 2973 3027 in
2992 2986 3055 3027 se
3072 2970 3404 3029 indifferens.
3438 2973 3563 3029 Sed
3590 2992 3685 3029 ve-

2079 3078 2204 3119 rum
2225 3062 2413 3134 prius3
2440 3061 2575 3133 quia
2600 3060 2753 3131 quod
2784 3060 2889 3116 sub
2906 3060 3167 3133 opposito
3198 3060 3429 3116 alicuius
3462 3078 3607 3119 eaee
3627 3068 3688 3117 et

2080 3150 2295 3222 concipi
2322 3154 2520 3223 potest,
2554 3148 2615 3204 id
2646 3148 2796 3205 istud
2829 3164 2944 3205 non
2974 3148 3222 3207 includit.
3276 3148 3379 3205 Sed
3401 3150 3533 3206 aine
3558 3152 3688 3207 exi-

2080 3238 2282 3294 stentia
2310 3238 2546 3295 essentia
2566 3254 2689 3293 esee
2707 3254 2772 3292 ac
2790 3238 3007 3311 concipi
3034 3242 3245 3311 potest:
3279 3238 3340 3294 Ε.
3362 3264 3439 3279 --
3466 3239 3687 3313 Respa

2080 3326 2332 3384 &sentia
2350 3327 2439 3383 vel
2460 3326 2693 3381 sumitur
2710 3330 2775 3382 ut
2804 3328 2969 3383 estin
2988 3327 3297 3401 intellectu,
3330 3331 3388 3383 et
3408 3344 3523 3400 pro
3548 3346 3689 3385 cori·

2079 3420 2239 3489 ceptu
2260 3414 2652 3487 quidditativo:
2684 3414 2767 3471 sic
2794 3430 2912 3471 non
2930 3421 3016 3472 eet
3038 3416 3333 3472 existentia
3352 3416 3427 3471 de
3448 3420 3691 3475 ratione

2081 3505 2381 3571 essentiam
2418 3502 2511 3558 vel
2532 3507 2698 3575 prout
2716 3508 2807 3559 est
2824 3505 2885 3559 in
2904 3520 2995 3561 re:
3038 3504 3129 3560 Sic
3158 3520 3321 3578 nego,
3352 3520 3481 3562 esse
3502 3524 3691 3579 poene

2080 3595 2203 3649 sine
2220 3592 2533 3649 existentia.
2592 3591 2687 3647 ΙΙΙ.
2712 3592 2995 3649 Esseutiae
3014 3594 3241 3665 propria
3258 3593 3462 3667 mutua,
3500 3598 3695 3653 nimi-

2077 3698 2205 3739 mm
2226 3680 2492 3755 formalia,
2516 3696 2613 3737 eeu
2632 3682 2895 3757 specifica,
2928 3686 3015 3738 eet
3034 3681 3219 3737 minor
3234 3682 3453 3738 unitate
3472 3700 3693 3742 nume-

2078 3772 2218 3828 rali:
2262 3771 2325 3827 Ε.
2348 3771 2458 3825 ista
2478 3786 2595 3825 non
2612 3771 2877 3843 competit
2892 3770 2947 3826 ei
2970 3786 3067 3844 per
3086 3786 3175 3844 ae,
3208 3786 3377 3843 quum
3408 3771 3533 3843 ipsi
3558 3774 3697 3845 ejus

2080 3860 2399 3932 oppositum
2428 3876 2529 3931 per
2558 3874 2619 3914 ee
2658 3864 2952 3931 competat.
2992 3888 3064 3903 -·
3115 3860 3277 3932 Raep.
3322 3876 3448 3931 neg.
3481 3868 3693 3919 antee..

2082 3948 2151 4005 de
2180 3949 2315 4004 unit.
2340 3952 2499 4003 extra
2526 3947 2879 4004 intellectum.
2912 3976 2984 3992 -·-
3020 3950 3159 4004 Sunt
3186 3951 3318 4007 haec
3334 3960 3697 4021 argmnenm

2078 4037 2755 4110 plenaqueSoncinatis
2784 4037 2825 4093 l.
2852 4036 2913 4091 7.
2934 4037 3097 4092 Met.
3116 4054 3174 4109 q.
3202 4037 3306 4096 31.
3352 4038 3464 4102 Qui
3486 4047 3566 4097 et
3586 4044 3699 4098 ob-

2073 4125 2200 4195 jicit
2220 4125 2290 4181 de
2310 4124 2704 4198 aecidentibuS,
2738 4141 2895 4199 quae,
2930 4127 3053 4182 solo
3074 4142 3304 4183 nunna-o
3324 4126 3693 4204 differentia,

2084 4228 2199 4270 uon
2218 4212 2434 4287 possint
2452 4230 2571 4269 esse
2592 4213 2653 4269 in
2671 4214 2866 4269 eodem
2888 4214 3133 4283 subjecto
3164 4216 3356 4289 simul,
3394 4221 3570 4288 quod
3608 4228 3697 4276 ta·

2080 4318 2211 4357 men
2255 4301 2489 4369 falsum
2528 4302 2664 4357 item
2706 4302 2777 4357 de
2816 4303 3067 4374 partibm
3106 4304 3357 4361 continui
3406 4304 3695 4365 ‹lixunls'ss-

2082 4390 2288 4447 Verum
2318 4405 2422 4446 noe
2454 4388 2753 4447 aceidentia
2790 4395 2851 4447 et
2877 4392 3033 4448 entia
3058 4392 3393 4466 ineompleta
3420 4400 3697 4454 removi-

2079 4494 2207 4535 mus
2248 4496 2286 4535 a
2326 4483 2518 4535 nostra
2560 4480 2898 4537 tractatione.

2118 4580 2134 4592 “
2168 4566 2216 4637 9.
2252 4567 2346 4623 ll.
2414 4568 2659 4628 Set-unda
2686 4568 2879 4641 opinio
2906 4574 3007 4643 est,
3039 4584 3183 4642 quae
3206 4572 3553 4645 negatione·
3594 4594 3703 4650 po-

2080 4656 2168 4710 nit
2208 4656 2537 4729 principium
2580 4656 3049 4715 individuationia.
3145 4660 3240 4715 An
3291 4676 3429 4718 vem
3476 4678 3703 4737 quem-

2080 4759 2249 4815 quam
2278 4744 2546 4818 habuerit,
2588 4746 2685 4817 qui
2726 4745 3043 4821 defendffiit,
3089 4749 3253 4821 valde
3287 4750 3518 4825 dubito,
3580 4756 3705 4813 nisi

2080 4834 2225 4889 forte
2274 4834 2515 4905 aliquem
2563 4833 2941 4892 Nominalium
2994 4836 3385 4894 obviem-iorem.
3478 4842 3705 4901 ‘Tanto

2080 4922 2257 4995 magis
2288 4927 2471 4979 autem
2500 4928 2811 4996 suspectum
2842 4930 2947 5000 eet,
2992 4928 3143 4999 quod
3172 4926 3567 4988 Bassolius
3612 4954 3710 4992 re·

2078 5012 2189 5067 fen
2228 5012 2511 5086 quosdam,
2558 5012 2653 5085 qui
2697 5014 3031 5088 principium
3070 5015 3341 5073 individui
3388 5017 3705 5079 dixissent

2078 5098 2429 5157 existentiam
2458 5116 2584 5158 cum
2615 5102 2820 5176 duplici
2849 5104 3159 5179 negatione,
3206 5105 3357 5178 quod
3386 5108 3545 5166 satis
3591 5114 3705 5170 im-

403 5180 475 5238 ad
506 5182 686 5257 ipsum
716 5181 1106 5259 determimta,
1147 5184 1296 5258 quod
1321 5186 1570 5246 concedit
1599 5186 1968 5263 Soucinas,
2075 5188 2381 5267 probabile,
2428 5207 2529 5249 nec
2572 5190 2741 5250 ullam
2767 5194 3209 5253 couvenitmtiam
3240 5194 3425 5255 habet.
3510 5200 3703 5261 Prae-
