3717 5850
1293 351 2087 414 PRAEEA'rlo.
3204 357 3353 418 xxl

57 481 186 575 quid
227 503 366 551 non
415 485 522 567 sit,
565 491 782 553 tamen
822 481 986 553 haec
1024 485 1162 576 ipsa
1205 487 1652 554 commentatio
1695 483 1963 553 dubitari
2004 508 2133 554 non
2176 493 2385 576 potest
2429 508 2511 554 an
2540 485 2965 580 philosophica
3010 490 3107 556 sit.
3173 488 3347 561 Nam

51 597 226 667 cardo
274 600 488 667 totius
533 598 726 694 hujus
767 597 958 668 libelli
996 609 1286 668 versatur
1325 601 1390 668 in
1434 623 1512 668 ea
1555 600 1940 670 substantiae
1982 602 2258 684 notione,
2304 623 2451 692 qua,
2492 623 2645 670 cum
2686 607 2919 698 cuique
2960 603 3346 676 substantiae

52 737 190 782 vera
233 717 414 784 actio
463 714 884 798 adscribatur,
939 715 1254 806 Spinozae
1295 713 1754 808 philosophiam
1797 717 1963 786 vinci
2016 727 2079 784 et
2120 715 2307 809 plane
2351 719 2549 786 everti
2593 721 2959 807 saepissime
2999 721 3345 792 Leibnitius

49 828 152 896 sihi
193 827 584 920 gratulatur.
673 830 772 898 Cf.
819 830 940 922 Ep.
981 853 1114 921 seq.
1796 921 1802 928 ·

167 943 275 1012 LI.
319 944 702 1036 Epistola
734 945 826 1014 de
857 945 1096 1014 rebus
1125 945 1708 1039 philosophicis
1739 944 1842 1015 ad
1870 944 2087 1014 Fred.
2118 945 2703 1030 Hoffmannum,
2732 967 2897 1015 anno
2926 949 3341 1022 MDCXCIX

49 1060 430 1148 conscripta,
469 1063 539 1129 in
582 1061 944 1130 Hoffmarmi
985 1085 1130 1155 opp.
1176 1064 1449 1153 primum
1492 1063 1772 1154 vulgata,
1809 1060 1957 1130 inde
1998 1061 2295 1130 Dutensii
2338 1062 2595 1131 editioni
2632 1064 2864 1130 inserta
2906 1087 2969 1154 p.
3016 1067 3165 1134 260.

221 1174 354 1244 LII.
410 1175 778 1245 Historia
833 1187 912 1244 et
967 1178 1540 1246 commendatio
1596 1178 1918 1270 linguae
1960 1176 2571 1262 charactericae,
2616 1182 3064 1248 commentatio
3124 1204 3163 1248 a
3208 1181 3341 1252 Ra-

51 1293 182 1380 spio
227 1292 520 1381 primum
567 1291 731 1360 edita
773 1290 836 1377 (l.
880 1315 935 1359 c.
977 1314 1040 1382 p.
1083 1295 1232 1364 533.
1242 1299 1284 1380 ).
1341 1291 1662 1360 Miraberis
1704 1296 1914 1362 forsan
1960 1292 2147 1384 quod·
2169 1291 2335 1362 hanc
2376 1293 2875 1363 dissertationem
2922 1318 2959 1361 a
3004 1299 3225 1364 ceteris
3270 1321 3340 1366 e·

47 1403 302 1497 jusdem
351 1407 710 1499 argumenti
754 1405 900 1492 (No.
948 1405 1140 1474 XI—
1155 1405 1362 1494 XXII)
1407 1409 1848 1499 separaverim.
1941 1407 2293 1476 Suaserunt
2334 1409 2429 1490 id,
2485 1419 2735 1501 praeter
2778 1409 2933 1480 illud
2989 1409 3159 1501 quod
3207 1417 3341 1506 jam

55 1523 212 1612 typis
256 1521 528 1614 vulgata
569 1533 734 1605 erat,
777 1533 948 1591 certa
987 1521 1212 1590 indicia
1257 1522 1484 1613 quibus
1529 1525 1920 1615 provectiore
1979 1533 2184 1591 aetate
2242 1547 2387 1592 eam
2430 1527 2849 1616 conscriptam
2895 1550 3034 1594 esse
3078 1529 3211 1596 veri
3252 1529 3341 1596 si-

59 1636 200 1703 mile
243 1638 412 1706 mihi
468 1640 674 1706 visum
719 1647 832 1705 est.
921 1637 1271 1728 Praecipue
1311 1628 1618 1706 ratio'nem
1663 1635 1804 1705 dico
1851 1659 1979 1729 qua
2022 1637 2471 1707 dissertationis
2512 1663 2670 1708 suae
2713 1639 2795 1710 de
2837 1652 2972 1710 arte
3015 1642 3341 1712 combina-

57 1755 210 1820 toria
253 1757 652 1822 mentionem
693 1755 856 1822 facit.

227 1867 387 1936 LIII.
445 1868 878 1962 Preceptes
927 1890 1131 1959 pour
1175 1890 1513 1936 avancer
1564 1867 1683 1936 les
1727 1869 2117 1950 sciences,
2174 1867 2635 1960 autographum
2677 1870 3135 1940 Leibnitianum
3178 1899 3341 1945 non-

53 1981 206 2050 dum
248 1983 466 2054 adhuc
507 1986 763 2054 editum.
855 1987 1074 2072 Quum
1125 2008 1166 2052 e
1217 1983 1540 2052 literarum
1592 1981 1792 2074 figura
1851 1985 2071 2074 conjici
2125 1993 2317 2073 queat
2373 1981 2537 2050 hanc
2592 1983 3087 2056 dissertationem
3142 1994 3343 2058 serius

53 2101 481 2191 consa-iptam
525 2125 666 2168 esse
713 2124 906 2191 quam
965 2124 1124 2192 quas
1167 2122 1356 2192 supra
1401 2098 1544 2185 (No.
1587 2095 1995 2185 XI—XXII)
2042 2100 2405 2178 citavimuS,
2468 2097 2547 2166 ob
2606 2103 2959 2191 argumenti
3016 2108 3341 2196 cognatio-

55 2235 200 2280 nem
247 2237 400 2282 eam
441 2217 604 2285 inter
649 2239 758 2286 eas
803 2216 1250 2286 collocavimus
1306 2237 1472 2307 quae
1513 2213 1786 2305 Raspius
1833 2211 2051 2296 edidit,
2101 2213 2264 2282 inter
2306 2212 2631 2280 historiam
2676 2215 2867 2284 modo
2911 2215 3233 2288 laudatam
3278 2231 3341 2290 et

55 2337 406 2398 stactatum
457 2331 968 2424 subsequentem.

229 2443 400 2514 LIV.
451 2447 840 2516 Discours
893 2444 1278 2516 touchant
1329 2444 1406 2513 la
1462 2442 1822 2512 methode
1879 2441 1971 2512 de
2025 2442 2099 2511 la
2154 2441 2567 2512 certitude.
2670 2445 2882 2530 Quam
2940 2447 3343 2540 scriptionem

12 2615 16 2636 ,
54 2579 92 2624 a
117 2557 364 2652 Raspio
409 2561 642 2632 editam
687 2587 764 2632 eo
808 2573 1093 2655 tempore
1135 2561 1556 2651 conscriptam
1599 2582 1742 2627 esse
1785 2583 1914 2652 quo
1955 2562 2023 2628 in
2064 2559 2231 2652 regis
2272 2558 2611 2628 Borussiae
2654 2561 3171 2634 consuetudinem
3213 2569 3343 2660 pri-

55 2697 236 2742 mum
277 2681 539 2760 venerit,
585 2702 667 2745 ex
706 2680 782 2747 iis
826 2703 990 2770 quae
1030 2679 1309 2746 continet
1349 2684 1538 2770 patet.

232 2791 376 2860 LV.
429 2793 549 2860 De
593 2792 664 2862 Ia
708 2794 1346 2863 demonstration
1389 2791 1913 2858 Cartesienne
1971 2790 2063 2858 de
2106 2788 2575 2858 l'existence
2618 2789 2709 2858 de
2750 2789 2959 2860 Dieu
3004 2792 3101 2862 du
3143 2794 3223 2864 R.
3268 2799 3341 2866 P.

59 2904 288 2974 Lami.
362 2907 456 2977 Illi
495 2911 616 3002 ipsi
659 2909 829 3001 quod
873 2919 1056 2979 antea
1093 2911 1225 3001 jam
1268 2908 1652 3001 perspexerit
1695 2907 1792 2989 (cf.
1834 2903 1959 2973 No.
1989 2904 2167 2992 VIII.)
2215 2908 2365 2973 vitio
2410 2907 2765 2998 argumenti
2808 2907 3149 3001 ontologici
3179 2912 3341 2983 Car-

65 3024 284 3091 tesiani
328 3024 572 3093 mederi
613 3036 878 3095 conatur
929 3024 1050 3093 hac
1093 3025 1624 3093 commentatione
1637 3072 1656 3106 ,
1705 3024 1772 3091 in
1828 3023 2147 3089 memoriis
2194 3019 2599 3089 Trivulti‘anis
2656 3046 2821 3091 anno
2878 3022 3163 3095 MDCCI
3213 3031 3341 3120 pri-

61 3160 240 3206 mum
283 3140 470 3208 edita.
561 3138 795 3207 Nescio
849 3162 932 3209 an
973 3138 1096 3209 hoc
1145 3152 1430 3233 tempore
1472 3137 1783 3208 Leibnitio
1823 3147 2049 3205 notum
2090 3139 2277 3205 fuerit
2318 3159 2479 3229 opus
2524 3136 2924 3206 Cudworthi:
3018 3140 3160 3211 The
3200 3154 3345 3214 true

59 3254 449 3323 intellectual
491 3266 734 3346 system
777 3258 846 3323 of
881 3254 1010 3325 the·
1032 3259 1324 3324 universe
1369 3265 1486 3324 etc.
1529 3252 1729 3323 Lond.
1761 3257 1956 3322 1678.
2000 3251 2153 3335 Fol.,
2196 3250 2319 3319 hoc
2362 3261 2534 3320 certe
2576 3254 2725 3335 sci0,
2767 3254 2831 3321 in
2872 3252 2996 3323 hoc
3025 3256 3341 3331 Cudwor·

61 3368 150 3436 thi
189 3394 384 3462 opere
427 3395 488 3463 p.
519 3376 563 3439 7
565 3372 652 3439 25
699 3381 1143 3463 argumentum
1185 3371 1310 3465 legi
1349 3373 1481 3438 fere
1525 3368 1607 3437 ad
1648 3366 1915 3437 verbum
1958 3391 2107 3436 cum
2132 3366 2523 3437 Leibnitiano
2567 3391 2925 3459 congruens
2965 3374 3063 3458 (cf.
3092 3386 3347 3447 nostrae

63 3482 377 3553 Historiae
417 3486 778 3554 recentioris
820 3484 1248 3579 philosophiae
1291 3487 1364 3554 P.
1406 3484 1450 3554 l.
1496 3484 1682 3555 Tom.
1712 3483 1782 3551 II.
1823 3509 1884 3577 p.
1916 3486 2088 3570 214).
2179 3481 2441 3575 Legitur
2478 3480 2641 3553 haec
2684 3490 3132 3557 commentatio
3177 3493 3346 3585 apud

65 3598 455 3669 Dutensium
511 3600 552 3667 l.
597 3622 652 3667 c.
698 3601 844 3670 254.

235 3714 412 3783 LVI.
470 3716 1128 3785 considerations
1186 3740 1315 3783 sur
1366 3714 1442 3782 la
1495 3713 1854 3783 doctrine
1914 3712 2083 3780 d’un
2142 3715 2385 3805 esprit
2442 3710 2862 3783 universel.
2951 3715 3093 3784 Hae
3134 3723 3342 3789 consi-

65 3828 416 3901 derationes
471 3830 754 3900 nondum
811 3830 1016 3899 adhuc
1066 3830 1300 3913 editae,
1373 3852 1412 3897 a
1453 3828 1742 3897 Leibnitii
1779 3830 1977 3919 ipsius
2020 3851 2215 3895 manu
2260 3830 2650 3919 conscriptae
2692 3827 3069 3899 Hanoverae
3122 3834 3187 3901 in
3230 3836 3343 3903 Bi-

67 3945 370 4015 bliotheca
411 3936 614 4039 Regia
671 3956 1084 4015 asservantur.
1177 3944 1420 4032 Quibus
1471 3948 1604 4037 ipse
1647 3942 1989 4011 Leibnitius
2045 3942 2215 4012 hunc
2260 3942 2515 4010 titulum
2567 3945 2959 4034 praeposuit,
3012 3956 3204 4038 atque
3244 3952 3343 4019 in-

71 4064 326 4153 scripsit,
369 4086 484 4130 eas
523 4087 689 4133 anno
733 4060 1129 4145 MDCCCII‚
1172 4060 1528 4151 Luzeburgi
1583 4058 1792 4145 (hodie
1838 4057 2390 4148 Charlottenburg)
2437 4067 2723 4124 exaratas
2766 4082 2921 4127 esse.

237 4177 432 4246 LVII.
475 4177 872 4271 Replique
916 4201 1066 4245 aux
1112 4176 1575 4257 reflexione,
1632 4183 2063 4242 contenues
2120 4173 2316 4242 dans
2365 4172 2445 4241 la
2502 4171 2850 4241 seconde
2896 4172 3201 4246 edition
3246 4180 3345 4250 du

75 4296 598 4363 dictionnaire
661 4296 1002 4385 critique
1067 4291 1156 4360 de
1209 4291 1332 4359 Mr.
1389 4289 1667 4379 Bayle,
1734 4289 2014 4357 article
2056 4288 2437 4357 Rorarius
2508 4312 2643 4356 sur
2705 4288 2779 4356 le
2842 4294 3189 4379 systeme
3255 4297 3347 4366 de

73 4410 526 4480 I'harmonie
579 4408 1032 4502 prestablie.
1127 4407 1310 4492 Quae
1365 4406 1688 4498 responsio
1747 4403 1826 4471 ad
1870 4404 2073 4494 Baylii
2131 4404 2509 4495 objectiones
2568 4406 2841 4495 primum
2888 4404 3053 4473 edita
3098 4420 3195 4476 est
3248 4412 3345 4482 in:

79 4527 384 4596 -mstoire
428 4528 692 4616 critique
735 4525 814 4592 de
854 4523 918 4591 la
958 4522 1323 4616 republique
1369 4519 1478 4589 des
1519 4519 1786 4601 lettres‚-
1835 4519 2111 4610 indeque
2154 4544 2191 4587 a
2228 4519 2547 4587 Dutensio
2594 4517 2655 4604 (l.
2688 4541 2741 4584 c.
2772 4543 2830 4610 p.
2862 4524 2973 4605 80)
3015 4522 3081 4587 in
3124 4522 3344 4594 editio-

72 4666 204 4710 nem
247 4666 442 4709 suam
483 4650 750 4732 recepta.
843 4640 1054 4725 Quam
1099 4662 1262 4706 anno
1307 4634 1616 4702 MDCCII
1655 4636 1818 4703 inter
1859 4660 2112 4703 menses
2158 4633 2302 4727 Maj.
2348 4643 2414 4701 et
2456 4634 2620 4724 Aug.
2668 4636 3083 4727 conscriptam
3126 4664 3267 4710 esse
3311 4666 3346 4711 e

72 4760 446 4827 commercio
489 4755 810 4848 epistolico
852 4752 1139 4822 Leibnitii
1182 4778 1330 4821 cum
1373 4750 1754 4819 Bernouillio
1801 4749 2012 4836 (Laus.
2058 4760 2122 4818 et
2168 4750 2403 4818 Genev.
2453 4752 2646 4818 1745.
2692 4772 2751 4839 p.
2782 4751 2823 4817 7
2828 4751 2867 4819 7
2917 4762 2983 4817 et
3004 4753 3113 4840 85)
3157 4768 3346 4847 patet,

78 4876 294 4966 quippe
339 4875 446 4941 cui
487 4883 706 4941 noster
750 4871 806 4937 d.
854 4876 960 4939 29.
1002 4870 1146 4962 Maj.
1194 4871 1368 4938 1702
1411 4868 1744 4959 scripserat
1785 4890 1858 4934 se
1900 4868 1967 4935 in
2012 4888 2089 4934 eo
2135 4888 2279 4935 esse
2322 4875 2395 4932 ut
2435 4863 2871 4959 responderet,
2916 4876 2980 4932 et
3024 4892 3171 4936 cum
3218 4894 3345 4961 quo

81 4987 128 5054 d.
169 4995 268 5057 19.
313 4989 478 5081 Aug.
523 4990 1000 5080 responsionem
1050 4986 1214 5067 hanc
1259 4983 1762 5052 communicavit.

238 5104 456 5173 LVIII.
500 5104 778 5174 Lettre
832 5103 869 5169 Ξι
915 5100 1040 5170 Mr.
1083 5101 1140 5169 B
1159 5099 1365 5191 ayle3
1423 5122 1617 5191 quam
1659 5097 1941 5167 Federus
1985 5099 2223 5192 primus
2280 5094 2469 5163 edidit
2510 5096 2837 5187 epistolam
2894 5094 3117 5165 eodem
3144 5100 3343 5171 -circi-

87 5228 172 5287 ter
201 5224 508 5315 tempore‘
525 5230 720 5313 atque
761 5216 948 5288 modo
989 5215 1308 5287 laudatam
1348 5216 1820 5309 responsionem
1863 5213 2097 5289 editam
2137 5236 2295 5295 esse,
2338 5212 2537 5304 prima
2578 5210 2767 5303 hujus
2811 5210 3107 5301 epistolae
3152 5218 3347 5287 verba
