3717 5850
374 326 530 394 122-
1007 330 1283 391 XXXIV.
1370 328 1472 387 DE
1524 329 1809 399 PRIMAE
1863 326 2396 387 PHILOSOPHIAE
2437 328 2994 388 EMENDATIONE.

368 476 752 537 castesium
797 472 1047 531 attulisse
1092 474 1278 546 aliqua
1324 471 1541 546 egregia
1590 471 1781 544 negari
1828 488 1944 529 non
2045 471 2196 528 Galli
2231 471 2300 527 la
2347 472 2568 542 force)
2621 471 2712 529 cui
2761 489 2864 547 ego
2914 472 3276 547 explicandae
3309 476 3616 547 pomum-em

294 618 309 633 „
370 571 567 643 potest,
598 570 655 623 et
680 568 827 622 recte
854 562 1107 637 inprimis
1145 561 1468 619 Platonis
1510 560 1753 617 studium
1788 577 1945 618 revo-
2047 559 2462 632 Dynamices
2489 560 2774 617 scientiam
2812 562 3113 635 destinavi,
3162 563 3462 636 plurimum
3497 568 3618 625 lucis

248 648 262 661 '
368 673 519 714 casse
554 652 857 711 abducendi
904 655 1149 709 mentem
1184 650 1450 724 sensibuS,
1494 653 1552 705 et
1588 650 1944 710 Academicus
2047 651 2242 706 afferre
2269 649 2342 705 ad
2369 666 2557 705 veram
2585 652 2942 707 notionem
2971 651 3314 709 substantiae
3333 654 3620 729 intelligen-

368 743 739 804 dubitationes
771 740 981 797 utiliter
1024 739 1257 799 subinde
1296 738 1635 811 adhibuisse-3
1675 740 1772 796 sed
1808 755 1947 796 mox
1996 790 2000 808 ,
2047 738 2192 795 dam.
2251 738 2451 795 Differt
2475 739 2626 795 enim
2653 739 2740 794 vis
2765 740 2946 796 activa
2973 756 3009 795 a
3037 741 3287 815 potentia
3305 744 3453 797 nuda
3472 746 3618 819 vulgo

371 831 739 891 inconstantia
764 830 1003 903 quadam
1042 830 1130 886 vel
1170 828 1484 885 affirmandi
1521 828 1741 885 licentia
1778 846 1946 903 scopo
1996 811 2001 860 ¹
2049 826 2246 883 scholis
2287 826 2534 901 cognita,
2586 827 2735 901 quod
2781 828 3029 902 potentia
3065 830 3248 886 activa
3287 831 3619 891 Scholastico-

368 922 661 996 excidisse,
714 936 815 977 neo
854 923 1063 975 oertum
1114 918 1187 974 ab
1238 918 1445 974 incerto
1496 915 1838 988 distinxisse,
1892 920 1950 977 et
1995 901 2001 966 !
2049 932 2200 990 rum,
2243 933 2340 973 seu
2369 918 2622 990 facultas,
2665 916 2806 973 nihil
2832 918 2983 975 aliud
3015 923 3099 975 εει
3135 935 3308 992 quam
3335 921 3620 996 propinqua

366 1011 600 1088 proinde
636 1008 975 1066 substantiae
1014 1023 1307 1080 corporeae
1355 1009 1611 1061 naturam
1656 1005 1717 1060 in
1756 1008 1950 1061 exten·
2049 1005 2246 1078 agendi
2274 1006 2636 1079 possibilitas,
2678 1022 2818 1079 quae
2861 1012 3049 1063 tamen
3075 1008 3260 1064 aliena
3287 1010 3616 1085 excitatione,

370 1102 526 1158 sione
554 1102 899 1174 praepostere
927 1096 1233 1167 collocasse,
1264 1111 1365 1151 nec
1389 1094 1461 1149 >de
1498 1093 1703 1149 unione
1728 1094 1948 1150 animae
2049 1098 2108 1149 et
2134 1094 2286 1149 velut
2310 1094 2536 1151 stimulo
2575 1094 2800 1169 indiget,
2843 1100 2906 1152 ut
2941 1096 3004 1152 in
3041 1100 3228 1153 actum
3266 1101 3618 1156 transferatur.

371 1194 430 1247 et
455 1186 698 1262 corporis
725 1186 927 1261 probas
955 1183 1463 1258 comprehensiones
1490 1182 1771 1253 habuisse3
1812 1198 1950 1255 quo·-
2049 1183 2157 1239 Sed
2201 1182 2285 1238 vis
2313 1182 2494 1240 activa
2531 1188 2714 1240 actum
2751 1185 3030 1258 quendam
3069 1186 3187 1241 sive
3229 1170 3618 1255 ἐντελέχειαν

369 1296 494 1338 rum
520 1292 687 1335 causa
714 1276 835 1347 fuit,
864 1290 979 1329 non
1007 1272 1281 1328 intellecta
1299 1272 1637 1328 substantiae
1662 1274 1862 1327 natura
1888 1272 1950 1327 in
2052 1272 2328 1344 continet,
2368 1276 2534 1345 atque
2571 1273 2715 1330 inter
2755 1274 3068 1331 facultatem
3105 1274 3306 1347 agendi
3345 1276 3618 1334 actionem·

370 1368 701 1425 universum.
798 1362 944 1418 Nam
992 1362 1135 1417 saltu
1186 1361 1427 1433 quodam
1477 1360 1549 1417 ad
1600 1360 1950 1433 gravissimas
2051 1376 2159 1433 que
2187 1360 2367 1433 ipsam
2394 1361 2578 1418 media
2611 1367 2707 1418 est
2745 1363 2764 1397 ¹
2779 1364 2829 1435 ),
2859 1367 2916 1420 et
2954 1367 3215 1420 conatum
3253 1363 3509 1438 involvit3
3549 1373 3618 1423 at-

370 1448 1049 1531 quaestiones-‘solvendas
1088 1452 1438 1522 processerat,
1496 1448 1818 1505 notionibus
1867 1450 1951 1505 in-
2051 1464 2159 1522 que
2197 1450 2279 1505 ita
2314 1466 2412 1523 per
2451 1466 2511 1506 se
2547 1450 2727 1523 ipsam
2767 1452 2830 1507 in
2877 1453 3260 1525 operationem
3297 1454 3491 1525 fertur3
3531 1472 3616 1511 nec

368 1530 739 1623 greqlientibns
765 1554 881 1595 non
906 1537 1208 1609 explicatis.
1284 1538 1445 1593 Unde
1472 1542 1739 1611 quantum
1764 1539 1952 1596 absint
2051 1537 2275 1595 auxiliis
2312 1538 2548 1613 indiget,
2591 1540 2688 1597 sed
2727 1541 2846 1597 sola
2885 1541 3199 1598 sublatione
3240 1542 3613 1615 impedimenti.

368 1650 405 1691 a
432 1628 757 1688 certitudine
796 1625 1186 1683 Meditationes
1224 1624 1343 1695 ejus
1370 1627 1794 1700 Metaphysicae,
1832 1644 1953 1684 non
2051 1627 2213 1693 Quod
2241 1628 2510 1702 exemplis
2538 1629 2718 1701 gravis
2761 1630 3012 1703 suspensi
3053 1632 3245 1687 mnem
3283 1631 3616 1689 sustinentem

369 1720 591 1778 aliunde
618 1715 792 1789 magis
820 1708 1077 1789 apparet,
1122 1730 1289 1788 quam
1316 1732 1389 1771 ex
1416 1716 1618 1789 scripto
1646 1715 1848 1790 ipsius,
1889 1717 1951 1773 in
2051 1716 2402 1790 intendentis,
2430 1721 2528 1773 aut
2555 1733 2712 1773 arcus
2741 1719 2900 1793 tensi,
2931 1719 3196 1777 illustrari
3235 1724 3428 1793 potest.
3511 1722 3613 1777 Etsi

368 1826 497 1884 quo,
526 1809 745 1865 hortatu
773 1805 877 1861 Me
889 1821 955 1861 rs
967 1803 1129 1860 enni
1166 1808 1225 1861 et
1250 1804 1517 1879 aliorum,
1560 1805 1951 1862 Mathematico
2051 1806 2200 1863 enim
2229 1806 2468 1877 gravitas
2509 1811 2607 1863 aut
2643 1806 2728 1863 vis
2770 1808 2993 1865 clastiea
3025 1808 3339 1866 mechanice
3375 1810 3612 1883 explicari

368 1915 463 1955 eas
490 1896 681 1954 habitu
708 1894 907 1951 vestire
932 1892 1181 1951 voluerat
1206 1894 1422 1949 frustm.
1509 1893 1683 1951 Video
1726 1899 1785 1951 et
1810 1894 1952 1951 alios
2051 1894 2265 1969 possint
2311 1895 2654 1969 debeantque
2695 1912 2769 1952 ex
2807 1896 3040 1953 aetheris
3090 1902 3281 1980 motu,
3323 1898 3512 1955 ultima
3545 1904 3612 1955 ta·

372 1988 521 2045 viros
550 1984 801 2041 acumine
833 1985 1168 2055 praestantes
1200 1982 1446 2055 attigisse
1472 1983 1863 2057 Metaphysica,
1893 1988 1952 2039 et
2051 2000 2180 2040 men
2221 1983 2367 2039 ratio
2395 1988 2578 2040 motus
2615 1985 2676 2040 in
2717 1986 2978 2060 materia,
3017 1991 3102 2043 est
3139 1988 3228 2043 vis
3267 1986 3328 2043 in
3365 1990 3610 2047 creatione

372 2074 639 2134 nonnulla
666 2071 934 2146 profunde
954 2070 1249 2144 cogitasse3
1287 2072 1384 2127 sed
1421 2071 1504 2127 ita
1533 2070 1830 2128 involvisse
1871 2076 1952 2128 te-
2051 2073 2332 2147 impressa,
2383 2088 2524 2145 quae
2571 2073 2634 2129 in
2677 2089 3006 2148 unoquoque
3041 2092 3273 2151 corpore
3322 2075 3487 2150 inest,
3530 2078 3611 2135 scd

373 2164 586 2237 nebris,
628 2166 691 2218 ut
719 2161 966 2217 divinare
994 2160 1169 2233 magis
1208 2165 1486 2233 appareat,
1530 2176 1697 2233 quam
1724 2161 1950 2217 demon·
2050 2162 2173 2236 ipso
2210 2162 2470 2219 conflictu
2516 2179 2809 2237 corporum
2845 2164 2996 2220 varie
3033 2164 3095 2221 in
3135 2168 3337 2223 natura
3371 2164 3609 2221 limitatur

372 2260 563 2311 strare.
638 2250 777 2307 Mihi
804 2266 935 2306 vero
964 2247 1025 2303 in
1046 2247 1134 2303 his
1162 2247 1338 2321 magis
1376 2265 1545 2322 quam
1584 2250 1643 2305 in
1670 2248 1804 2323 ipsis
1830 2250 1952 2306 Ma-
2053 2256 2109 2307 et
2136 2254 2432 2307 coercetur.
2523 2252 2595 2307 Et
2623 2252 2761 2309 hanc
2789 2252 2987 2325 agendi
3015 2254 3286 2311 virtutem
3323 2254 3469 2309 omni
3504 2255 3609 2311 sub-

374 2341 695 2413 thematicis,
746 2338 867 2395 luce
916 2340 973 2395 et
1011 2336 1332 2393 certitudine
1370 2354 1507 2411 opus
1547 2337 1779 2411 videtur,
1820 2338 1952 2411 quia
2053 2340 2289 2399 stantiae
2317 2339 2497 2395 inesse
2535 2338 2646 2415 aio,
2693 2356 3015 2415 semperque
3052 2343 3304 2416 aliquam
3339 2358 3412 2399 ex
3446 2359 3507 2397 ea
3539 2361 3609 2399 ae-

374 2449 463 2490 res
489 2427 908 2487 Mathematicae
942 2442 1043 2482 sua
1078 2425 1339 2482 examina
1382 2431 1439 2483 et
1474 2427 1952 2501 comprobationes
2052 2429 2263 2485 tionem
2291 2429 2470 2501 nasci3
2519 2430 2769 2503 adeoque
2795 2447 2898 2487 nec
2925 2430 3101 2505 ipsam
3131 2431 3493 2489 substantiam
3517 2450 3612 2488 cor·

374 2536 561 2577 secum
599 2518 807 2589 ferunt,
848 2530 987 2589 quae
1014 2530 1177 2571 causa-
1215 2519 1298 2571 est
1326 2515 1613 2589 potissima
1650 2532 1951 2590 successus,
1995 2394 2004 2625 ι
2053 2534 2277 2592 porcam
2316 2511 2455 2587 (non
2484 2518 2658 2591 magis
2697 2535 2863 2591 quam
2902 2519 3282 2594 spiritualem)
3322 2520 3393 2577 ab
3431 2522 3610 2595 agendo

376 2609 474 2667 sed
500 2608 561 2664 in
588 2603 978 2677 Metaphysicis
1005 2604 1109 2660 hoc
1134 2604 1427 2661 commodo
1454 2620 1715 2661 caremus.
1759 2604 1952 2679 ltaque
2015 2626 2022 2633 ·
2053 2623 2262 2663 cessare
2288 2616 2560 2679 unquam3
2603 2608 2752 2680 quod
2779 2608 2866 2664 illi
2893 2625 3009 2665 nou
3037 2610 3173 2667 satis
3221 2612 3512 2684 percepisse
3547 2610 3612 2665 vi·

374 2694 659 2774 peculiaris
687 2694 955 2767 quaedam
981 2693 1324 2766 proponendi
1350 2694 1497 2751 ratio
1522 2694 1823 2751 necessaria
1852 2698 1951 2767 est,
2053 2696 2268 2771 dentur,
2301 2696 2397 2768 qui
2425 2696 2717 2752 essentiam
2745 2696 2862 2766 ejus
2901 2697 2962 2754 in
3003 2698 3123 2755 sola
3163 2700 3500 2771 extensione,
3537 2700 3609 2755 vel

376 2792 433 2845 et
460 2786 611 2843 velut
636 2784 788 2841 filum
816 2782 877 2838 in
902 2781 1272 2856 Labyrintho,
1311 2781 1465 2852 cujus
1493 2799 1599 2857 ope
1629 2799 1744 2839 non
1772 2782 1956 2839 minus
2054 2785 2225 2843 etiam
2272 2784 2794 2857 impenetrabilitate
2851 2786 3290 2862 collocaverunt,
3342 2792 3398 2844 et
3443 2804 3608 2861 corpus

376 2890 543 2951 quam
570 2872 829 2932 Euclidea
856 2870 1111 2930 methodo
1138 2871 1211 2929 ad
1248 2870 1441 2930 calculi
1480 2870 1655 2928 instar
1681 2872 1956 2947 quaestio·
2055 2874 2373 2932 omnimode
2399 2874 2681 2947 quiescens
2708 2874 2992 2950 concipere
3021 2877 3130 2934 sibi
3168 2883 3308 2935 sunt
3341 2876 3458 2935 visi.
3515 2878 3608 2950 Ap-

378 2983 475 3024 nes
502 2964 868 3036 resolvantur3
897 2965 1111 3018 servata
1138 2961 1491 3020 nihilominus
1518 2961 1783 3034 claritate,
1814 2978 1957 3035 quae
2055 2963 2276 3038 parebit
2309 2963 2479 3044 etiam
2518 2978 2592 3020 ex
2629 2965 2832 3021 nostris
2872 2967 3348 3043 meditationibus,
3391 2969 3607 3024 substan-

376 3073 478 3114 nec
504 3053 858 3128 popularibus
885 3049 1225 3106 sermonibus
1252 3049 1543 3123 quicquam
1570 3051 1844 3108 concedat.
1955 3061 1958 3064 ’
2057 3052 2194 3109 tiam
2222 3057 2462 3109 creatam
2489 3052 2562 3109 ab
2602 3053 2714 3110 alia
2741 3055 3050 3112 substantia
3085 3061 3275 3114 creata
3311 3051 3422 3114 non
3458 3058 3605 3129 ipsam

466 3143 671 3209 Quanti
699 3145 883 3198 autem
910 3139 1016 3194 ista
1043 3137 1155 3194 sint
1183 3139 1464 3212 momenti,
1504 3139 1759 3212 inprimis
1786 3157 1956 3214 appa·
2055 3141 2173 3198 vim
2201 3142 2414 3214 agendi,
2456 3142 2554 3198 sed
2593 3145 3008 3215 praeexistentis
3036 3144 3160 3214 jam
3187 3146 3348 3204 nisus
3383 3147 3480 3219 sui,
3511 3145 3606 3200 sive
3643 3176 3646 3180 ⁴

379 3231 525 3290 rebit
551 3247 625 3287 ex
660 3227 950 3285 notione
987 3226 1340 3300 substantiae,
1380 3243 1548 3300 quam
1585 3245 1686 3301 ego
1715 3229 1954 3302 assigno,
2055 3231 2274 3286 virtutis
2303 3230 2516 3303 agendi,
2557 3231 2762 3288 limites
2803 3235 3188 3292 tantummodo
3223 3251 3290 3292 ac
3315 3235 3605 3292 determina·

380 3337 521 3396 qnae
548 3323 665 3375 tam
694 3315 957 3374 faecunda
984 3317 1081 3387 est,
1112 3319 1175 3370 ut
1202 3315 1332 3372 inde
1358 3315 1614 3372 veritates
1642 3317 1957 3390 primariae,
2055 3319 2262 3375 tionem
2291 3319 2562 3392 accipere,
2606 3326 2669 3377 ut
2710 3321 2822 3378 alia
2859 3339 3004 3379 nunc
3031 3327 3248 3381 taoeam
3261 3365 3278 3398 ,
3319 3325 3388 3381 ad
3422 3324 3606 3380 solven-

378 3411 549 3466 etiam
575 3408 719 3463 circa
744 3405 925 3460 Deum
952 3408 1008 3459 et
1038 3407 1263 3476 mentes,
1293 3407 1350 3460 et
1370 3408 1621 3460 naturam
1647 3421 1954 3480 corporum,
2055 3407 2189 3464 dum
2215 3407 2354 3464 illud
2381 3409 2666 3481 problema
2694 3410 2930 3485 difficile,
2955 3413 3024 3469 de
3049 3412 3474 3471 substantiarum
3499 3428 3604 3485 ope

380 3513 585 3569 eaeque
620 3492 823 3567 partim
848 3493 1126 3565 cognitae,
1166 3492 1263 3548 sed
1299 3508 1496 3565 parum
1534 3493 1952 3570 demonstratae,
2055 3497 2271 3554 ratione
2298 3496 2361 3552 in
2386 3514 2444 3552 se
2473 3497 2725 3574 invicem,
2757 3503 3056 3573 protutura.

380 3586 585 3662 pai-tim
620 3584 879 3640 hactenus
916 3581 1163 3654 ignotae,
1205 3579 1299 3638 sed
1337 3581 1566 3638 maximi
1593 3601 1693 3656 per
1718 3588 1957 3640 meteres
2001 3586 2007 3637 1

380 3674 635 3733 scientias
652 3687 790 3729 usus
817 3673 1049 3744 futurae,
1078 3674 1493 3743 consequantur.
1590 3671 1757 3742 cnjus
1783 3673 1866 3729 rei
1893 3676 1957 3728 ut

380 3764 619 3837 aliquem
646 3765 863 3835 gustum
890 3758 1034 3834 dem,
1066 3759 1245 3814 dicam
1272 3759 1511 3833 interim,
1552 3761 1836 3818 notionem
1865 3761 1956 3817 vi—

380 3854 560 3912 rium
586 3866 681 3909 seu
710 3848 931 3906 virtutis
968 3840 1159 3926 (quam
1188 3847 1449 3906 Germani
1489 3855 1689 3908 vocant
1724 3851 1952 3924 Kraft,

2057 3679 2115 3686 —-

2135 3796 2188 3853 ι)
2227 3800 2366 3846 conf.
2412 3797 2643 3855 nysteme
2689 3811 2922 3848 nouvcau
2967 3804 3028 3849 de
3071 3805 3126 3851 la
3169 3811 3352 3853 nature
3393 3809 3439 3849 et
3477 3802 3529 3848 de
3559 3803 3602 3844 la

2054 3869 2462 3919 communicationi
2497 3871 2584 3919 dea
2618 3873 2924 3921 substances
2969 3874 3021 3932 s.
3057 3875 3107 3921 8.

1597 4225 2200 4237 mm*
2211 4230 2222 4236 ,
2235 4229 2306 4234 ——.
2318 4224 2420 4236 --.Α-
