3717 5850
1945 475 2150 566 xx.

1621 623 2488 771 ADDENDA

710 1013 1493 1141 SPECIMEN
1587 872 2236 1138 CALCffiI
2313 1012 3376 1138 UNIVERSALIS.

700 1425 780 1480 (t
815 1425 1001 1474 scheda
1034 1422 1448 1476 Lelbnltlana
1483 1423 1697 1473 nondum
1733 1421 1885 1492 edita,
1925 1431 2056 1477 quae
2090 1425 2390 1470 Hanoverae
2427 1423 2478 1468 in
2513 1387 2822 1470 Bllnllotneca
2855 1422 3018 1480 nogia
3051 1419 3398 1475 asservatur.)

499 1706 581 1763 Ut
619 1705 814 1763 ealculi
856 1689 1018 1776 liujus
1048 1709 1247 1762 natura
1284 1702 1652 1776 intelligatur,
1696 1701 2003 1759 notandum
2050 1695 2057 1779 ξ
2101 1703 2322 1777 sapiens
2361 1709 2448 1760 ast
2481 1702 2684 1779 justus„
2729 1703 2918 1775 justus
2959 1709 3044 1762 est
3083 1721 3322 1779 severus,
3365 1719 3490 1775 ergo
3527 1701 3648 1757 Deus

343 1782 361 1794 ’
412 1799 527 1870 est,
586 1793 847 1868 quiequid
897 1810 935 1848 a
976 1794 1140 1850 nobis
1190 1793 1507 1850 enuntiatur
1557 1791 1620 1848 in
1673 1790 2003 1864 quibusdam
2052 1800 2057 1877 ι
2103 1797 2188 1848 est
2206 1809 2464 1878 xseverus.

414 1883 605 1956 literis,
648 1899 785 1956 quas
829 1897 931 1955 pro
972 1881 1201 1938 arbitrio
1244 1880 1619 1954 assumsimus,
1648 1880 1801 1938 idem
1842 1880 2004 1936 intel·
2052 1892 2057 1967 j
2191 1881 2556 1955 Principia
2607 1881 2865 1939 calculi
2936 1875 3008 1958 1)
3061 1879 3413 1954 Quicquid
3461 1878 3646 1936 inclu-

412 1971 697 2046 ligendum
748 1969 1023 2027 enuntiari
1076 1987 1236 2044 posse
1289 1968 1483 2026 eodem
1537 1968 1705 2026 modo
1759 1969 1823 2025 in
1877 1965 2003 2024 aliis
2052 1976 2056 2009 ²
2103 1986 2256 2025 sum
2326 1971 2397 2026 in
2468 1969 2704 2027 literis
2776 1969 3192 2044 quibusdam
3275 1966 3646 2026 indefinitis

414 2060 701 2134 quibusvis
742 2058 1017 2114 assumtis·
1084 2057 1178 2131 Ut,
1223 2073 1350 2142 cum
1392 2058 1535 2131 dico,
1571 2057 2004 2131 propositionem
2052 2024 2057 2151 Ι
2104 2057 2285 2115 idem
2327 2059 2646 2132 intelligi
2699 2060 2908 2117 debet
2957 2060 3358 2116 conclusum
3409 2058 3477 2112 in
3513 2054 3647 2112 aliis

416 2150 558 2206 hanc
600 2149 675 2204 ab
718 2151 803 2205 est
845 2165 881 2204 a
923 2163 1139 2220 semper
1190 2165 1309 2204 esse
1351 2163 1555 2218 veram,
1596 2146 1845 2218 intelligo
1889 2162 2005 2203 non
2051 2188 2057 2206 .
2105 2147 2672 2222 quibuscunque,
2741 2148 3011 2206 easdem
3064 2147 3510 2205 conditiones
3555 2143 3646 2198 ha-

416 2241 635 2294 tantum
676 2236 781 2293 hoc
822 2236 1165 2310 exemplum:
1208 2235 1417 2292 animal
1446 2235 1719 2292 rationale
1760 2239 1843 2290 est
1886 2234 2004 2290 ani-
2051 2207 2057 2268 ¹
2104 2234 2474 2310 bentibus,
2519 2240 2584 2291 ut
2625 2237 2757 2309 quia
2803 2253 2996 2294 verum
3043 2241 3130 2294 est
3177 2237 3254 2294 ab
3303 2239 3388 2292 est
3421 2251 3473 2307 a,
3511 2231 3648 2288 etiam

417 2325 551 2398 mal,
596 2342 715 2382 esse
755 2340 949 2380 verum
991 2325 1247 2397 ponendo
1302 2324 1512 2382 animal
1567 2323 1860 2396 significari
1904 2339 2004 2395 per
2050 2284 2056 2399 ἓ
2103 2340 2295 2380 verum
2337 2324 2442 2380 erit
2484 2325 2554 2381 bc
2595 2329 2680 2382 est
2722 2326 2778 2400 b,
2825 2327 2941 2382 imo
2970 2329 3028 2382 et
3055 2326 3164 2384 bcd
3193 2329 3278 2382 est
3307 2325 3394 2394 bc,
3423 2339 3544 2380 nam
3567 2335 3646 2394 pro

416 2431 455 2471 a
482 2418 543 2470 et
567 2413 843 2470 rationale
870 2429 968 2487 per
994 2413 1051 2486 b,
1082 2411 1181 2470 sed
1206 2413 1455 2486 intelligo
1483 2412 1655 2468 etiam
1681 2413 1785 2468 hoc
1816 2427 2003 2469 exem-

418 2503 591 2576 plum,
635 2503 846 2559 animal
870 2501 1141 2558 rationale
1168 2507 1253 2558 est
1292 2501 1585 2573 rationale,
1629 2517 1749 2557 esse
1789 2516 2001 2572 verum,

416 2592 673 2665 ponendo
699 2590 969 2648 rationale
996 2590 1287 2663 significari
1314 2607 1415 2664 per
1441 2607 1477 2647 a
1504 2594 1562 2646 et
1588 2589 1797 2646 animal
1820 2607 1918 2664 per
1945 2589 2003 2646 b.

418 2681 494 2738 Et
542 2680 695 2738 idem
734 2679 798 2735 in
838 2679 1085 2752 quolibet
1126 2679 1238 2736 alio
1286 2679 1545 2752 exemplo
1589 2679 1898 2752 procedere,
1943 2682 2007 2733 ut

332 2797 345 2825 ι
419 2785 617 2842 corpus
660 2768 977 2841 organicum
1006 2772 1089 2824 est
1115 2769 1451 2841 organicum,
1480 2784 1549 2824 ac
1574 2767 1807 2840 proinde
1834 2766 2004 2823 etiam

418 2874 523 2933 pro
564 2857 649 2914 ab
691 2861 776 2914 est
816 2873 880 2930 a,
934 2857 1043 2913 dici
1085 2858 1289 2931 poterit
1330 2856 1419 2913 bd
1460 2861 1546 2913 est
1586 2873 1641 2915 a.

418 2974 423 2979 ·
507 2946 877 3005 Terminus
918 2950 1005 3003 est
1046 2962 1097 3001 a.
1126 2947 1183 3003 b.
1222 2947 1311 3003 ab.
1358 2946 1486 3004 bed
1524 2950 1614 3003 ut:
1657 2945 1842 3018 homo,
1887 2942 2005 3001 ani-

420 3035 553 3108 mal,
597 3034 808 3092 animal
847 3034 1133 3108 rationale,
1178 3034 1449 3091 rationale
1494 3034 1727 3092 mortale
1768 3033 2003 3091 visibile.

421 3123 991 3198 Propositionem
1058 3123 1525 3181 universalem
1605 3120 2004 3179 affirmati·

418 3228 576 3269 vam
628 3213 707 3269 sic
748 3211 1003 3284 designo:
1059 3217 1223 3268 aest
1263 3212 1331 3287 b,
1380 3228 1477 3269 seu
1534 3208 1791 3281 (omnis)
1835 3210 2003 3269 bomo

402 3305 505 3357 est
546 3298 773 3371 animal,
806 3316 1023 3371 semper
1063 3300 1212 3356 enim
1253 3300 1343 3356 hic
1382 3300 1601 3373 signum
1627 3297 2008 3355 universalita-

422 3389 495 3445 tis
536 3387 774 3460 intelligi
825 3388 982 3461 volo,
1039 3388 1137 3445 ubi
1179 3406 1216 3444 a
1259 3386 1568 3458 subjectum
1610 3391 1667 3445 et
1709 3388 1748 3445 b
1791 3386 2006 3461 praedi-

419 3480 621 3534 catum.
708 3476 1143 3549 Estzxcopula.
1231 3502 1235 3507 ·

508 3564 976 3623 Postulatum:
1019 3565 1353 3622 Permissum
1394 3568 1513 3623 esto
1554 3582 1858 3639 supponere
1883 3564 2009 3621 lite-

420 3670 543 3713 ram
597 3653 697 3712 uni
738 3653 929 3711 literae
982 3655 1071 3711 vel
1121 3653 1371 3728 pluribus
1422 3655 1587 3711 simul
1641 3654 2001 3727 aequivalere,

419 3747 487 3801 ut
526 3744 566 3800 d
606 3742 953 3815 aequivalere
994 3743 1102 3815 ipsi
1145 3760 1181 3799 a
1222 3748 1281 3801 et
1320 3744 1555 3800 alterum
1582 3744 1643 3800 in
1670 3743 1896 3799 alterius
1924 3742 2005 3797 lo-

418 3849 547 3889 cum
600 3832 864 3889 substitui
918 3849 1083 3905 posse
1135 3834 1227 3889 vel
1282 3833 1319 3889 d
1370 3833 1715 3906 aequivalere
1766 3830 2003 3888 termino

417 3922 533 3997 ab,
577 3921 734 3979 verbi
775 3921 968 3995 gratia,
1012 3922 1179 3979 1101110
1218 3921 1367 3978 idem
1394 3923 1543 3995 quod
1584 3921 1795 3977 animal
1835 3919 2004 3975 ratio-

418 4010 573 4067 nale:
616 4010 739 4067 Hoc
780 4008 1051 4084 intellige,
1110 4011 1157 4065 si
1211 4009 1350 4065 nihil
1402 4010 1488 4065 his
1530 4007 2002 4083 suppositionibus

416 4098 753 4156 eontrarium
785 4097 911 4167 jam
950 4100 1293 4173 suppositum
1334 4098 1422 4153 sit.

507 4187 1041 4262 Propositiones
1082 4202 1203 4259 per
1244 4202 1314 4243 se
1354 4202 1585 4257 verae3
1638 4178 1701 4261 1)
1746 4188 1997 4258 aesta,

356 4264 365 4277 '
418 4275 631 4333 animal
672 4280 756 4333 est
797 4276 1021 4349 animal,
1082 4275 1154 4345 2)
1195 4276 1281 4331 ab
1333 4279 1415 4331 ωε
1457 4292 1521 4347 a,
1576 4273 1783 4329 animal
1834 4274 2005 4330 ratio·

419 4365 547 4422 nale
588 4368 673 4423 est
710 4364 935 4421 animal.
1030 4363 1098 4432 3)
1142 4380 1179 4418 a
1219 4378 1334 4418 non
1376 4367 1463 4419 est
1500 4377 1726 4435 non-a,
1793 4362 2002 4419 arrimal

419 4470 537 4513 non
578 4458 663 4509 est
704 4468 819 4509 non
860 4451 1095 4523 animal,
1152 4442 1219 4527 4)
1264 4467 1455 4507 non-a
1496 4456 1737 4508 nonest
1776 4468 1813 4509 a
1863 4468 2003 4507 non-

420 4542 629 4599 animal
648 4558 764 4597 non
784 4544 869 4597 est
890 4538 1114 4613 animal,
1154 4540 1223 4611 5)
1256 4539 1364 4606 Qui
1390 4556 1507 4597 non
1536 4544 1621 4596 est
1640 4557 1675 4597 a
1696 4545 1781 4600 est
1806 4556 2001 4597 non-a

422 4632 518 4703 qui
561 4645 677 4686 non
717 4633 803 4686 est
842 4629 1066 4703 animal,
1112 4633 1197 4685 est
1237 4628 1619 4703 non-animal,
1669 4622 1736 4707 6)
1759 4631 1870 4697 Qui
1889 4646 2002 4686 non

422 4724 508 4775 est
548 4732 759 4791 non-a,
807 4722 892 4773 aet
933 4735 996 4789 a,
1039 4717 1133 4791 qui
1187 4734 1303 4774 non
1345 4722 1428 4774 est
1467 4718 1863 4796 non-animal,
1919 4722 2003 4775 est

424 4806 653 4863 animal.
708 4834 781 4847 --
830 4806 920 4862 Ex
947 4807 1031 4863 his
1074 4806 1197 4863 duci
1239 4813 1469 4881 possunt
1511 4807 1709 4882 plures.

513 4894 1029 4968 Consequentia
1070 4912 1189 4969 per
1231 4914 1304 4953 se
1345 4892 1617 4953 veraz‘a
1646 4902 1731 4953 est
1772 4898 1830 4969 b,
1875 4899 1932 4951 et
1961 4896 2000 4953 b

422 4988 508 5043 est
548 5000 597 5059 c,
644 5000 775 5057 ergo
816 5000 853 5039 a
893 4987 977 5041 est
1002 5000 1049 5057 c,
1094 4984 1243 5041 Deus
1286 4988 1371 5042 est
1396 4984 1631 5059 sapiens,
1674 4985 1892 5059 sapiens
1919 4988 2002 5040 est

324 5103 335 5118 κ
416 5073 619 5147 justus,
664 5088 796 5147 ergo
839 5072 989 5129 Deus
1029 5078 1115 5129 est
1147 5072 1347 5143 justus.
1433 5074 1585 5129 Haec
1635 5078 1829 5131 eatena
1883 5072 2005 5129 lon-

425 5164 545 5239 gius
596 5162 907 5219 continuari
962 5166 1171 5237 potest,
1228 5180 1279 5219 v.
1327 5180 1380 5236 g.
1433 5162 1581 5219 Deus
1634 5165 1719 5219 est
1762 5161 1997 5235 sapiens,

2103 2413 2184 2470 bc
2225 2413 2609 2470 substituendo
2649 2431 2682 2470 e
2726 2399 2851 2487 (per
2893 2414 3266 2490 postulatum)
3309 2413 3456 2470 idem
3493 2415 3568 2468 est
3600 2423 3650 2464 ac

2105 2501 2154 2556 si
2196 2501 2522 2558 dixissemus
2566 2501 2648 2560 ed
2690 2507 2776 2559 est
2817 2521 2866 2560 e.

2197 2589 2270 2660 2)
2324 2589 2826 2664 Transpositio
2880 2592 3262 2649 literarum
3323 2591 3396 2647 in
3446 2585 3648 2646 eodem

2105 2679 2402 2735 termino
2466 2679 2653 2736 nihil
2711 2683 2935 2737 mutat
2985 2685 3049 2737 ut
3102 2673 3188 2736 ab
3241 2677 3507 2736 coincidet
3551 2689 3649 2731 cum

2105 2759 2206 2840 ba,
2249 2784 2344 2824 seu
2387 2768 2597 2824 animal
2637 2769 2908 2826 rationale
2951 2773 3010 2826 et
3046 2769 3332 2826 rationale
3369 2765 3574 2824 animal.

2197 2848 2264 2934 3)
2308 2856 2666 2930 Repetitio
2695 2857 3006 2929 ejusdem
3047 2857 3312 2916 literae
3340 2857 3413 2914 in
3451 2853 3651 2912 eodem

2105 2945 2406 3003 termino
2459 2950 2563 3004 est
2615 2947 2930 3021 inutilis,
2987 2952 3052 3003 ut
3105 2948 3146 3005 b
3191 2952 3280 3005 est
3329 2964 3417 3020 aa,
3474 2943 3558 2999 vel
3591 2940 3649 2996 bb

2103 3039 2190 3093 est
2229 3052 2267 3091 a
2308 3035 2474 3091 homo
2517 3040 2600 3093 est
2640 3037 2851 3093 animal
2891 3036 3133 3109 animal,
3181 3038 3274 3095 vel
3315 3036 3482 3093 homo
3519 3034 3652 3089 homo

2103 3129 2187 3181 est
2229 3123 2454 3181 animal.
2539 3125 2750 3183 Sufficit
2787 3125 2942 3185 enim
2981 3124 3093 3183 dici
3121 3142 3160 3183 a
3187 3130 3275 3183 est
3303 3125 3360 3199 b,
3397 3140 3494 3181 seu
3519 3122 3677 3187 h0m0,

2101 3216 2188 3271 est
2225 3212 2452 3269 animal.

2123 3354 2126 3357 ,
2197 3298 2264 3375 4)
2350 3301 2452 3359 Ex
2537 3305 2982 3375 quotcunque
3068 3297 3654 3378 propositionibus

2107 3389 2280 3447 sieri
2322 3389 2560 3463 potest
2611 3406 2774 3465 una,
2830 3391 3104 3449 additis
3155 3392 3481 3451 omnibus
3529 3384 3657 3443 sub·

2100 3476 2318 3547 jectis
2381 3478 2452 3535 in
2515 3495 2719 3535 unum
2781 3480 3184 3550 subjectum
3237 3486 3312 3539 et
3365 3476 3657 3537 omnibus

2107 3566 2540 3641 praedicatis
2593 3568 2664 3624 in
2705 3584 2912 3625 unum
2955 3571 3460 3643 praedicatum.
3527 3582 3558 3621 a
3592 3564 3658 3619 est

2105 3653 2160 3727 b,
2206 3659 2264 3712 et
2305 3660 2462 3713 c-oet
2505 3656 2544 3714 d
2587 3660 2646 3712 et
2686 3674 2719 3713 e
2760 3662 2846 3714 est
2887 3660 2942 3733 f,
2983 3658 3118 3715 inde
3159 3660 3261 3716 fiet
3303 3661 3530 3731 000Ιωί
3566 3650 3656 3707 de

2105 3743 2184 3800 Ut
2210 3744 2360 3800 Deus
2403 3748 2487 3801 est
2528 3744 2893 3819 omnipotenS,
2933 3747 3102 3803 homo
3141 3752 3232 3805 est
3271 3763 3500 3821 corpore
3534 3756 3659 3815 prae·

2105 3832 2279 3906 ditus,
2325 3833 2625 3890 Crucifixus
2668 3838 2752 3890 est
2792 3835 3022 3909 patiens·
3121 3836 3276 3911 Ergo
3323 3837 3472 3893 Deus
3521 3832 3659 3887 homo

2103 3921 2390 3978 crucifixus
2443 3927 2528 3979 est
2578 3922 2927 3997 omnipotens
2977 3942 3212 3999 corpore
3267 3924 3542 4000 praeditus
3585 3932 3662 3991 pa·

2103 4010 2264 4067 tiens.
2351 4011 2466 4067 Nec
2505 4014 2673 4069 refert
2713 4013 2864 4085 quod
2906 4013 3216 4089 interdum,
3261 4030 3424 4088 quae
3471 4007 3662 4077 conjun-

2103 4103 2303 4171 guntur
2343 4100 2448 4157 hoe
2488 4100 2672 4174 modo,
2715 4102 3172 4176 incomputabilia
3215 4110 3356 4163 sunt
3395 4106 3484 4159 ut:
3523 4100 3662 4155 cirm-

2101 4187 2188 4244 lus
2229 4192 2314 4244 est
2353 4188 2724 4262 nullangulus.
2813 4191 3154 4257 Quadratum
3209 4199 3304 4252 est
3353 4190 3664 4266 quadmnss'fl'

2100 4276 2233 4333 lum.
2323 4277 2470 4351 Ergo
2513 4278 3113 4353 circulus-quadratum
3165 4288 3259 4339 est
3315 4276 3662 4352 nullangulum

2101 4365 2554 4440 quadrangulum.
2629 4368 2776 4425 Nam
2816 4370 2952 4425 haec
2990 4372 3311 4445 propositio
3357 4387 3486 4427 vera
3513 4370 3588 4423 est
3607 4374 3664 4417 ex

2100 4455 2387 4528 hypothesl
2427 4455 2777 4529 impossibili.
2865 4458 3032 4515 Utilis
3073 4463 3159 4515 aet
3203 4461 3347 4517 haec
3389 4450 3665 4515 observatio

2100 4543 2422 4622 pmesertim
2463 4546 2524 4603 in
2552 4546 2772 4611 Catenis
2811 4548 3028 4620 longius
3054 4550 3366 4623 productis,
3397 4546 3546 4605 verbi
3569 4556 3668 4613 gra·

2101 4631 2182 4688 tia
2223 4632 2328 4689 hoc
2371 4635 2568 4692 modo:
2613 4634 2762 4691 Deus
2803 4642 2888 4693 est
2928 4638 3166 4711 sapiens,
3216 4639 3446 4711 sapiens
3487 4636 3566 4691 est
3593 4628 3666 4698 ju·

2101 4725 2246 4793 stus,
2309 4722 2457 4779 Deus
2523 4728 2606 4780 est
2659 4724 3035 4799 omnipotens,
3092 4724 3293 4795 justus
3349 4725 3668 4797 omnipotens

2100 4809 2262 4882 punit
2301 4812 2492 4869 malos.
2579 4814 2728 4869 Deus
2766 4830 2884 4871 non
2936 4814 3096 4888 punit
3149 4814 3382 4888 aliquos
3423 4812 3589 4870 malos
3623 4805 3670 4860 in

2101 4898 2204 4953 hac
2245 4898 2376 4955 vita.
2463 4901 2572 4966 Qui
2614 4903 2776 4976 punit
2813 4907 2877 4959 at
2927 4919 3042 4960 non
3083 4903 3260 4976 punit
3315 4905 3380 4961 in
3425 4904 3524 4959 hac
3561 4899 3670 4965 Vim,

2103 4986 2264 5060 ponit
2291 4988 2352 5044 in
2383 4989 2494 5045 alia
2521 4990 2652 5045 vita.
2719 4991 2865 5064 Ergo
2898 4991 3047 5048 Deus
3071 4992 3248 5065 punit
3283 4994 3348 5049 in
3381 4994 3494 5050 alia
3522 4988 3638 5044 vita.

2151 5118 2156 5125 .
2197 5075 2264 5146 5)
2311 5077 2412 5132 Ex
2451 5080 3452 5161 quacunque-propositione,
3497 5074 3670 5145 cujus

2104 5164 2582 5237 praedicatum
2651 5172 2758 5225 est
2823 5184 2908 5227 ex
2973 5168 3317 5244 pluribus
3373 5162 3670 5227 terminis
