3717 5850
405 356 537 423 688
1219 338 1543 425 Lxxxw.
1630 360 1740 420 An
1781 359 1923 422 nm
1964 360 2222 421 nosses
2263 358 2617 421 armona
2654 355 2874 421 xxm.
2938 304 2943 315 ⁸

841 540 1280 647 amarem
1353 587 1580 648 xxm.

771 700 1390 769 Reverendiss'ime
1428 716 1655 786 pater,

503 847 800 932 Quaeritur
847 848 1130 923 quomodo
1177 850 1447 909 sententia
1497 854 1681 907 vesu-a
1715 838 1852 921 περὶ
1894 846 2021 903 τοῦ

417 935 948 1010 μετουσιασμσῦ
975 939 1242 1012 explicari
1263 938 1456 1011 possit,
1467 942 1588 995 tum
1596 936 1897 995 seeundum
1916 938 2017 1009 hy-

416 1023 674 1097 pomona
711 1038 990 1083 mer-arum
1026 1026 1361 1098 monadum,
1411 1029 1534 1083 tum
1574 1025 1875 1083 secundum
1914 1024 2015 1095 hy·

416 1110 678 1191 potbesin·
711 1112 1142 1171 subeuntiarum
1169 1111 1615 1186 compositarum.
1703 1112 2013 1170 Secundum

415 1196 660 1271 pliorem
689 1198 1018 1271 hypothesin
1045 1200 1324 1271 quaeritur
1351 1201 1412 1255 in
1440 1215 1554 1272 quo
1589 1200 1860 1269 consistat
1884 1200 2011 1259 sub-

419 1284 625 1340 stantia
660 1286 908 1357 corporis
943 1287 1264 1360 compositi,
1305 1303 1380 1345 au
1429 1287 1490 1343 in
1529 1286 1895 1361 Monadibus,
1936 1304 2011 1345 an

415 1386 550 1427 vero
607 1370 670 1428 in
725 1372 860 1444 ipsis
919 1374 1330 1447 phaenomenis.
1417 1374 1485 1430 Id
1543 1379 1630 1429 est
1651 1415 1670 1449 ,
1729 1375 2011 1447 quaeritur

417 1456 688 1531 (exempli
715 1460 924 1531 causa)
963 1477 1036 1518 an
1085 1461 1272 1517 anima
1321 1460 1523 1517 vermis
1553 1462 1613 1517 in
1650 1478 1883 1535 corpore
1910 1461 2008 1518 ho-

415 1544 585 1601 minis
608 1544 921 1619 existentis,
963 1548 1039 1604 sit
1075 1563 1204 1623 pars
1231 1548 1606 1606 substantialis
1631 1548 1858 1605 humani
1888 1566 2008 1606 cor-

415 1630 600 1704 poris,
639 1648 714 1687 an
749 1648 884 1690 vero
921 1634 1136 1691 nudum
1174 1636 1497 1709 requisitum
1533 1640 1591 1693 et
1632 1636 1855 1709 quidem
1894 1652 2006 1694 non

415 1718 821 1791 metaphysicae
859 1723 1227 1797 necessitatis,
1269 1723 1365 1780 sed
1394 1722 1544 1796 quod
1572 1724 1632 1779 in
1659 1739 1820 1782 cursu
1848 1728 2009 1780 natu-

415 1818 514 1859 rae
549 1806 862 1879 requiratur
875 1848 892 1882 ,
929 1810 1080 1880 quod
1119 1826 1221 1879 ego
1265 1810 1476 1866 malim.
1566 1809 1726 1875 Quod
1767 1811 1817 1867 si
1856 1812 2010 1883 prius

415 1892 686 1965 statuitis,
737 1894 926 1966 utique
964 1896 1255 1955 dicendum
1293 1902 1379 1953 est
1419 1897 1686 1953 Monades
1736 1898 1895 1970 panis
1953 1902 2010 1953 et

415 1976 532 2033 vini
563 1978 686 2034 tolli
699 2018 718 2051 ,
760 1985 816 2035 et
855 1982 1122 2039 monades
1157 1984 1404 2057 corporis
1431 1983 1636 2040 Christi
1671 1999 1860 2041 earum
1890 2000 2010 2041 esse

415 2062 561 2120 loco.
649 2065 746 2121 Sin
790 2082 922 2125 vero
949 2068 1226 2127 Monades
1265 2086 1381 2127 non
1421 2074 1550 2127 stant
1587 2085 1717 2143 pars
1757 2070 2008 2129 substan-

416 2149 563 2206 tialis
599 2166 894 2224 corporum
908 2194 925 2228 ,
978 2162 1036 2212 et
1073 2159 1380 2231 composita
1428 2156 1543 2215 sint
1577 2172 1730 2213 mera
1771 2158 2008 2231 phaeno-

415 2250 610 2307 mena5
655 2238 948 2298 dicendum
989 2245 1132 2301 foret
1168 2258 1461 2317 corporum
1489 2243 1854 2302 substantiam
1882 2262 2009 2305 con-

415 2324 608 2381 sistere
633 2324 692 2383 in
723 2329 1116 2399 phoenomenis
1143 2331 1314 2404 veris,
1343 2346 1485 2403 quae
1505 2346 1700 2406 nempe
1721 2333 1838 2406 ipse
1860 2334 2011 2391 Deus

413 2410 473 2467 in
511 2412 649 2485 ipsis
689 2432 787 2487 per
827 2416 1112 2473 scientiam
1168 2418 1397 2473 visionis
1449 2420 1712 2493 percipit,
1767 2423 2011 2494 itemque

411 2498 645 2573 Angeli,
677 2506 734 2557 et
761 2502 944 2575 Beati,
975 2504 1176 2575 quibus
1203 2522 1289 2563 res
1319 2520 1446 2564 vere
1474 2506 1660 2563 videre
1687 2508 1881 2566 datum
1909 2514 2009 2565 est.

413 2582 609 2655 Itaque
637 2587 820 2645 Deum
857 2604 983 2646 cum
1011 2592 1194 2648 Beatis
1233 2594 1518 2667 percipere
1544 2596 1758 2670 Corpus
1785 2597 2005 2671 Christi,

413 2670 496 2725 uti
525 2673 688 2729 nobis
715 2676 875 2748 panis
915 2681 970 2734 et
999 2678 1192 2734 vinum
1219 2685 1502 2754 apparent.

497 2758 662 2823 Quod
701 2762 750 2817 si
779 2764 1060 2833 vulgarem
1088 2780 1380 2839 sequamur
1405 2768 1750 2841 Hypothesin
1776 2768 1848 2825 ‹le
1876 2770 2006 2829 sub-

413 2846 632 2932 stantiis
661 2852 967 2923 corporeis,
999 2852 1088 2909 vel
1115 2856 1452 2927 compositiS,
1485 2854 1739 2932 dicerem,
1771 2851 1863 2934 (ut
1884 2858 2005 2930 jam

412 2935 770 3002 praecedente
796 2938 1048 3010 Epistola
1077 2947 1320 2999 mentem
1350 2959 1534 3000 meam
1575 2941 1846 3022 exposui)
1888 2947 2005 3002 vin-

409 3019 596 3077 culum
635 3023 1022 3098 substantiale,
1073 3043 1170 3084 seu
1213 3029 1360 3102 quod
1413 3031 1632 3087 additur
1675 3033 2008 3089 Monadibus

411 3105 798 3184 substantiale,
826 3115 976 3184 quod
1005 3115 1376 3173 substantiam
1403 3119 1768 3190 compositam
1799 3121 2005 3177 forma·

398 3191 538 3250 Jiter
575 3197 890 3272 constituit,
941 3205 998 3258 et
1039 3203 1416 3274 phaenomena
1467 3206 1724 3280 realizat,
1778 3209 2003 3282 mutari,

412 3281 580 3337 salvis
611 3284 974 3360 monadibus3
1013 3289 1144 3361 quia
1158 3330 1177 3364 ,
1222 3297 1284 3347 ut
1313 3275 1463 3366 dixi,
1503 3294 1690 3350 anima
1719 3297 2004 3352 vermiculi

410 3379 524 3424 non
567 3376 654 3426 est
694 3370 764 3426 de
803 3365 1120 3431 substantia
1139 3381 1414 3455 eorporis,
1460 3381 1520 3436 in
1549 3395 1660 3452 quo
1691 3387 1776 3438 est
1803 3384 2003 3440 vermi-

409 3454 588 3527 culus,
629 3471 732 3514 nec
769 3461 1183 3534 multiplicanda
1215 3471 1346 3522 sunt
1373 3466 1636 3524 miracula
1663 3473 1883 3540 praeter
1908 3487 2005 3526 ne·

409 3541 740 3599 cessitatem.
829 3545 1122 3607 Vinculum
1159 3553 1518 3612 substantiale
1555 3555 1704 3626 quod
1744 3558 2005 3630 superad-

408 3623 564 3684 ditur
597 3627 940 3692 monadibus
953 3673 973 3708 ,
1026 3651 1152 3696 mea
1191 3641 1462 3698 sententia
1480 3680 1496 3713 ,
1552 3646 1638 3698 est
1689 3643 2005 3702 absolutum

405 3711 713 3790 quoddam,
759 3719 906 3791 quod
949 3725 1055 3780 etsi
1093 3725 1154 3780 in
1191 3731 1418 3784 naturae
1447 3743 1608 3785 cursu
1639 3735 1891 3788 accurate
1920 3748 2007 3790 re-

406 3801 677 3870 spondeat
698 3806 996 3865 monadum
1017 3811 1414 3887 affeetionibus,
1426 3831 1626 3888 nempe
1647 3818 2007 3890 perceptioni·

405 3882 512 3942 bus
527 3892 585 3944 et
603 3892 1059 3971 appetitionibus,
1081 3899 1160 3954 ita
1180 3904 1243 3956 ut
1267 3901 1326 3956 in
1339 3902 1576 3959 Monada
1589 3903 1700 3974 legi
1711 3906 1905 3978 possit,
1916 3907 2003 3962 cui

403 3975 832 4051 eorporieorpns
842 3981 1000 4054 insit3
1022 3988 1507 4057 supernaturaliter
1529 3993 1716 4046 tamen
1727 3991 2003 4048 vinculum

400 4058 758 4120 substantiale
779 4072 961 4136 potest
983 4087 1100 4126 esse
1119 4087 1153 4127 a
1175 4071 1512 4131 Monadibus
1533 4076 1921 4150 independens,
1946 4084 2005 4136 et

402 4149 752 4207 manentibus
789 4154 1069 4224 prioribus
1119 4159 1449 4216 monadibus
1499 4163 1704 4218 mutari
1718 4203 1737 4236 ,
1778 4169 1838 4221 et
1874 4166 2002 4222 aliis

401 4233 734 4294 monadibus
783 4243 1148 4299 accomodari.
1247 4245 1332 4300 Ita
1389 4247 1654 4305 monades
1715 4251 1879 4322 panis
1942 4258 2002 4310 et

403 4315 520 4373 vini
549 4324 700 4379 omni
729 4325 952 4382 vinculo
979 4327 1323 4386 substantiali
1351 4339 1630 4408 carerent,
1663 4339 1845 4408 quoad
1876 4340 1997 4412 ipsa

395 4401 624 4500 reducta
661 4411 734 4466 ad
771 4417 975 4470 statum
1005 4414 1336 4488 hypotheses
1373 4435 1646 4478 meramm
1691 4423 1995 4483 Monadum

397 4492 526 4546 sint
600 4493 924 4556 Accidentia
951 4507 1133 4558 autem
1178 4504 1336 4576 panis
1377 4511 1436 4562 et
1467 4507 1598 4582 vini,
1630 4525 1725 4566 sen
1755 4513 1995 4582 phaeno-

396 4588 560 4633 mena
601 4584 928 4659 manebunt,
969 4589 1066 4646 sed
1095 4605 1208 4646 non
1238 4592 1299 4646 in
1325 4609 1558 4666 corpore
1585 4597 1816 4672 Christi,
1870 4605 1993 4656 tan-

390 4676 561 4733 quam
587 4669 649 4723 in
675 4668 958 4745 subjecto,
985 4674 1150 4747 idque
1171 4679 1340 4736 etiam
1361 4681 1765 4754 Theologorum
1787 4685 1989 4742 doctri-

2104 504 2163 561 5.
2204 516 2261 561 et
2294 502 2431 561 alibi
2470 503 2533 559 in
2558 501 2811 577 Epistola
2846 506 2977 577 tua,
3012 500 3201 575 alite,
3240 514 3479 573 quamn
3512 516 3605 559 me
3636 505 3709 576 fit,

2102 592 2397 666 accepisse,
2426 592 2744 664 quasiste,
2780 590 2919 648 dum
2946 590 3401 664 eaproentibus
3426 590 3709 647 abutens

2102 682 2279 737 babeo
2292 720 2311 755 ,
2359 694 2579 752 semper
2614 678 2747 735 inde
2782 678 2860 735 ab
2900 677 3065 735 initio
3112 678 3415 735 creationis
3458 680 3709 735 extimae

2102 772 2314 841 putem.
2398 764 2506 823 Sed
2547 780 2673 823 mea
2722 766 2999 823 sententia
3014 806 3033 843 ‚
3070 764 3333 823 omnisne
3382 766 3709 822 semiannis

2104 854 2383 929 corporeis
2396 892 2415 927 ‚
2470 868 2567 910 seu
2610 852 2845 911 vinculis
2882 849 3343 911 suhstanfinlib-
3356 890 3375 927 ‚
3418 854 3709 909 Μαι

2102 947 2187 1001 est
2200 982 2219 1017 ‚
2258 958 2327 999 ea
2354 941 2697 1015 generationi
2724 946 2784 997 et
2808 940 3149 1014 eorrupfl'em‘
3174 939 3487 1009 subjacere.
3580 940 3708 996 Nul-

2100 1032 2213 1088 lam
2242 1030 2414 1087 etiam
2440 1030 2575 1086 novi
2604 1028 2917 1085 Monadum
2944 1027 3427 1101 motulis-tionem,
3468 1028 3569 1083 vel
3588 1030 3703 1086 snb-

2098 1118 2439 1190 stantialem,
2480 1117 2567 1173 vel
2598 1116 3021 1190 accidentalem,
3060 1130 3201 1188 quae
3240 1118 3561 1172 constituant
3590 1116 3708 1171 sub-1

2096 1206 2359 1264 stantiam
2400 1204 2792 1278 compositam,
2836 1208 3005 1278 prout
3048 1218 3169 1259 rem
3186 1204 3473 1276 aecqrisse
3506 1204 3699 1259 videris

2094 1308 2324 1351 numero
2362 1295 2461 1349 tuo
2502 1295 2681 1349 sexto.
2770 1282 2885 1347 Nec
2934 1290 3231 1365 quicquam
3270 1290 3335 1345 in
3364 1290 3699 1346 monadibus

2094 1396 2351 1454 agnosco,
2374 1378 2953 1451 nisipereeptiones,et
2976 1377 3358 1451 appetitiones.
3390 1378 3698 1449 Vinmtm,

2092 1468 2241 1541 quod
2267 1466 2635 1522 substantiam
2664 1466 3027 1539 compon'tam
3052 1464 3201 1537 facit,
3220 1466 3397 1521 nolim
3419 1466 3697 1537 appellare

2092 1554 2340 1612 accidens
2356 1554 2702 1626 absolutum,
2738 1554 2867 1627 quia
2902 1552 3039 1608 mihi
3072 1567 3239 1609 omne
3268 1552 3601 1610 absolutum
3628 1562 3697 1608 eut

2092 1641 2468 1714 substantiale.
2499 1640 2661 1705 Quod
2672 1642 2721 1695 si
2732 1639 2981 1699 accidens
2994 1640 3125 1696 inde
3144 1640 3327 1697 meere
3336 1641 3505 1713 velis,
3520 1641 3595 1696 lis
3610 1642 3695 1697 erit

2092 1730 2161 1787 de
2190 1729 2415 1787 nomine
2430 1768 2447 1802 ,
2472 1728 2775 1801 incongrua
2804 1733 2991 1785 tamen
3016 1728 3225 1785 locutio
3264 1728 3407 1799 erit,
3450 1729 3691 1785 subeun-

2091 1819 2231 1873 tiam
2268 1816 2639 1887 compositam
2690 1832 2791 1891 per
2814 1815 3187 1895 accidentalia
3220 1815 3531 1886 eomtittni3
3584 1832 3689 1871 em

2091 1904 2513 1977 Smiglecius
2562 1903 3036 1960 Aristotelem
3073 1902 3509 1974 secutusdicat,
3570 1905 3708 1961 aeis·¹

2096 1993 2235 2050 dens
2264 2008 2378 2049 non
2402 2006 2527 2048 esse
2546 1992 2669 2048 sine
2694 1990 2961 2063 subjecto,
2990 1988 3235 2045 ostendit
3252 2004 3355 2045 ens
3376 1990 3687 2047 absolutm

2094 2094 2129 2137 a
2158 2097 2221 2136 se
2248 2096 2361 2138 non
2386 2078 2625 2136 admitti.
2692 2078 2881 2135 Nolim
2910 2077 3059 2134 enim
3086 2076 3199 2131 Em
3226 2077 3513 2133 melinus
3542 2080 3685 2151 phae-

2094 2184 2333 2226 nomena
2378 2168 2721 2241 distinguere
2758 2181 2797 2222 a
2824 2164 3045 2221 vineulo
3070 2162 3425 2221 substantiali
3440 2206 3461 2239 ,
3516 2171 3585 2221 ut
3618 2169 3684 2222 fa-

2094 2274 2218 2313 eere
2258 2256 2461 2312 videris
2502 2250 2615 2311 N0.
2656 2254 2711 2309 7.
2798 2252 2951 2309 Haec
2988 2252 3103 2309 duo
3140 2252 3291 2308 enim
3332 2253 3479 2308 mini
3514 2268 3685 2309 revera

2094 2350 2221 2403 sunt
2246 2342 2425 2417 idem,
2475 2347 2533 2398 et
2558 2340 2852 2398 dicendum
2878 2345 2997 2413 est,
3042 2340 3195 2397 nasci
3218 2356 3320 2414 ea,
3362 2346 3421 2396 et
3454 2340 3683 2397 interire.

2095 2431 2297 2487 Positis
2325 2446 2459 2501 ergo
2499 2427 2829 2487 substantiis
2854 2427 3177 2500 compositis
3190 2466 3209 2499 ,
3250 2427 3391 2483 inihi
3418 2428 3683 2502 incomp-

2094 2518 2346 2576 rabiliter
2372 2518 2585 2574 facilius
2611 2516 2857 2590 videtur,
2888 2518 2946 2571 et
2970 2514 3391 2573 convenientius
3416 2514 3687 2573 destrue-e

2094 2622 2193 2661 ens
2208 2645 2225 2679 ,
2274 2604 2543 2661 realizans
2594 2606 3005 2677 phaenomena,
3056 2602 3289 2659 servatis
3338 2604 3687 2679 monadibus,

2092 2708 2259 2764 quain
2286 2698 2509 2765 eontra,
2542 2695 2607 2746 ut
2634 2692 2839 2747 videris
2866 2690 3034 2747 malle
3060 2684 3177 2745 N⁰.
3208 2690 3268 2745 8.

2178 2779 2621 2837 Moditicationes
2662 2779 2825 2836 unius
2868 2778 3121 2834 monadis
3152 2782 3281 2833 sunt
3300 2794 3519 2835 nusae
3549 2780 3685 2836 idea-

2091 2868 2169 2922 les
2198 2867 2670 2923 modificationum
2698 2867 2925 2923 alter-ins
2962 2864 3214 2921 monadis
3266 2858 3381 2942 (de
3422 2882 3541 2938 quo
3576 2868 3685 2937 agis

2092 2950 2206 3010 N⁰.
2245 2951 2371 3032 17.)
2400 2959 2669 3028 quatenus
2697 2956 2759 3012 in
2786 2971 2899 3012 una
2928 2955 3165 3010 monade
3206 2959 3487 3027 apparent
3526 2956 3683 3012 ratio·

2088 3059 2201 3116 nes,
2230 3057 2375 3114 quae
2401 3044 2581 3100 Deum
2608 3043 2683 3098 ad
2712 3041 3149 3100 modificationes
3188 3041 3253 3096 in
3290 3041 3411 3097 alia
3456 3043 3683 3098 monacis

2090 3130 2499 3187 constituendas
2544 3131 2619 3186 ab
2662 3129 2825 3186 initio
2866 3145 3057 3186 rerum
3098 3133 3415 3186 moverunt.
3508 3131 3685 3186 Infini-

2090 3217 2225 3274 tudo
2266 3217 2512 3274 continui
2556 3217 2799 3290 physici,
2838 3217 2897 3272 in
2926 3215 3235 3288 Hypotbesi
3264 3231 3549 3272 mer-arum
3578 3233 3708 3302 mog

2090 3304 2315 3376 uadum,
2346 3321 2457 3362 uon
2486 3309 2603 3362 tam
2632 3304 2893 3376 penderet
2920 3319 2997 3359 ex
3024 3303 3239 3360 ratione
3266 3303 3495 3376 optimi,
3526 3321 3687 3375 quain

2090 3405 2165 3448 ex
2214 3392 2489 3464 principio
2528 3391 2787 3448 Rationis
2836 3390 3183 3461 sufficientia
3232 3391 3367 3463 quia
3408 3392 3575 3448 nulla
3614 3399 3708 3448 est

2090 3479 2236 3534 ratio
2262 3477 2539 3536 limitandi
2566 3493 2665 3535 seu
2689 3478 2935 3549 finiendi,
2966 3478 3085 3534 sive
3114 3477 3317 3534 alieubi
3348 3478 3607 3535 sistendi.

2178 3565 2510 3622 Continuam
2539 3581 2673 3623 vero
2692 3564 3152 3622 Mathematicum
3180 3564 3435 3622 constetit
3456 3567 3517 3622 in
3540 3575 3708 3625 mem

2090 3652 2488 3728 possibilitate,
2532 3658 2597 3709 ut
2624 3652 2875 3724 numeri3
2916 3653 3045 3708 ideo
3080 3653 3141 3708 in
3168 3669 3239 3709 eo
3266 3655 3585 3710 necesaria
3614 3659 3708 3712 est

2092 3739 2381 3798 intinitudo
2408 3755 2482 3798 ex
2510 3741 2633 3814 ipsa
2658 3739 2781 3809 ejus
2802 3742 3049 3796 notione.

2178 3827 2469 3884 Caeterum
2500 3827 2820 3900 miraberis,
2850 3825 3323 3884 Reverendissime
3350 3827 3549 3901 Pater,
3596 3830 3687 3886 ubi

2090 3927 2183 3968 me
2211 3913 2443 3987 videbis,
2472 3930 2567 3970 eas
2594 3915 2807 3972 litteras
2838 3915 3051 3970 Vienna
3080 3915 3375 3970 Austriaea
3402 3915 3559 3970 dare.
3618 3919 3686 3972 ll-

2090 4000 2177 4056 luc
2204 4015 2374 4072 usque
2402 4001 2727 4058 excurrendi
2754 4004 3004 4060 animum
3032 4001 3201 4057 sumsi
3214 4041 3231 4074 ,
3274 4017 3404 4058 cum
3432 4002 3493 4058 in
3520 4005 3685 4060 Ther·

2086 4087 2196 4142 mis
2224 4088 2496 4144 Carolinis
2523 4105 2701 4161 nuper
2736 4090 2887 4163 apud
2924 4091 3191 4162 Magnum
3218 4090 3531 4146 Russorum
3558 4091 3681 4148 Mo-

2086 4175 2348 4232 narcliam
2386 4179 2647 4232 evocatus
2674 4177 2780 4246 egi.
2870 4176 3119 4234 Medium
3144 4177 3299 4232 enim
3319 4174 3449 4244 jam
3476 4178 3679 4234 itineiis

2084 4264 2446 4318 confeceram.
2536 4261 2793 4322 Haerebo
2834 4264 2953 4337 hie,
3000 4263 3179 4320 donee
3218 4269 3523 4335 tempestas
3550 4267 3673 4322 anai

2082 4348 2385 4420 molliatur,
2412 4349 2545 4406 inde
2574 4350 2723 4407 bono
2742 4365 2871 4408 eum
2894 4351 3017 4408 Deo
3034 4350 3269 4406 donnum
3288 4350 3479 4408 redire
3498 4369 3673 4424 spero.

2080 4435 2369 4492 Caeterum
2398 4437 2649 4506 intelligo
2678 4442 2735 4494 et
2764 4438 3083 4495 fasciculum
3109 4454 3147 4494 a
3168 4441 3225 4492 te
3248 4438 3489 4512 venisse,
3520 4457 3677 4510 quem

2078 4521 2138 4576 in
2190 4521 2429 4580 reditum
2480 4539 2669 4581 meum
2718 4524 2933 4582 differri
2986 4529 3235 4598 oportet,
3294 4525 3407 4582 nisi
3472 4527 3673 4582 remitti

2077 4609 2229 4664 velis.

2160 4695 2327 4759 Quod
2378 4702 2654 4770 superest,
2704 4697 2827 4754 vale
2866 4701 2925 4753 et
2963 4699 3108 4754 t'ave.
3196 4697 3421 4755 Dabam
3464 4700 3671 4758 Vienna

389 4762 497 4806 nae
532 4757 819 4832 convenit,
859 4775 932 4814 ne
959 4761 1148 4820 album
1187 4769 1245 4820 et
1283 4769 1580 4824 rotundum
1619 4771 1729 4826 coli
1757 4771 1986 4846 (licetur,
2072 4781 2363 4840 Austriaca
2396 4783 2501 4842 24.
2530 4785 2751 4843 Januar.
2792 4785 2821 4840 1
2838 4784 2985 4842 713.

390 4837 538 4905 quod
567 4847 773 4899 annoto
804 4845 876 4902 ad
905 4861 1194 4908 numerum
1231 4851 1308 4906 16
1342 4853 1625 4924 Epistolae
1655 4860 1784 4914 tuae
1812 4873 1986 4932 nupe-

393 4937 515 4987 rae,
568 4925 663 4982 ubi
711 4928 882 4990 etiam
937 4946 1049 4992 non
1099 4935 1262 4990 video
1301 4940 1581 5009 quomodo
1609 4942 1808 4999 albedo
1837 4946 1985 5002 uniri

389 5011 563 5078 possit
603 5016 838 5091 angulo,
877 5018 986 5074 nisi
1017 5020 1112 5076 fiat
1139 5021 1330 5094 albus,
1385 5025 1474 5079 vel
1524 5025 1716 5087 album
1744 5029 1798 5086 ei
1829 5033 1985 5088 unia-

390 5095 495 5152 tur.
581 5098 759 5159 Porro
805 5101 1024 5162 vincula
1058 5106 1442 5166 substantialia
1473 5111 1674 5170 videris
1687 5153 1706 5188 ,
1747 5131 1981 5176 numero

2971 4868 3362 4928 Deditissinms

2632 4958 2704 5014 G.
2770 4957 2842 5013 G.
2907 4956 3500 5016 Leibnitius.

2714 5099 2779 5106 ...η-
2788 5085 2937 5107 Q·
2958 5097 3029 5109 ³-
