3717 5850
859 312 1142 431 'xum
1229 326 2494 431 mnmsossmnrmomxxvn.

502 594 934 661 EPIsToLA
987 594 1236 658 xxvn.

139 756 768 821 Reverendissime
805 758 1044 831 pater,
1084 754 1328 815 fautor
1379 750 1606 813 Hono-

683 860 1080 919 ratissima.

165 1036 298 1098 Nou
325 1035 670 1113 aspernanda
689 990 1026 1111 smtsquae
1047 1032 1331 1110 respondit
1355 1032 1426 1091 D.
1453 1031 1676 1091 Hart-

77 1127 462 1202 soekerus3
489 1126 956 1185 nondumtamen
981 1128 1142 1181 extra
1169 1124 1399 1182 dubium
1419 1136 1540 1179 rem
1561 1121 1678 1181 eol·

75 1214 299 1291 locant,
339 1217 528 1289 itaque
561 1216 796 1273 fortasse
831 1228 948 1271 non
985 1212 1184 1272 inutile
1207 1214 1319 1271 erit
1343 1211 1552 1269 instare
1579 1224 1680 1283 per

75 1305 504 1379 replicationem
552 1301 844 1374 adiunctae
897 1300 1153 1362 similem.
1249 1300 1468 1359 Interea
1515 1298 1682 1373 plam

79 1396 270 1453 tecum
297 1393 474 1451 sentio
489 1432 506 1466 ‚
624 1390 762 1465 quid
801 1394 976 1447 mutet
999 1389 1142 1447 situs
1165 1387 1432 1447 adversus
1457 1387 1519 1445 in
1547 1402 1680 1460 ope-

77 1481 306 1539 ratione
331 1480 640 1556 Magnetis,
683 1481 920 1537 fortasse
943 1476 1285 1537 accuratiore
1312 1478 1683 1535 instrumento

79 1569 350 1627 sensibile
397 1568 556 1628 reddi
601 1582 794 1644 posse,
843 1566 952 1625 etsi
999 1567 1062 1625 in
1097 1566 1364 1625 limatura
1401 1564 1538 1623 ferri
1563 1578 1683 1623 non

75 1659 368 1716 sentiatur.

173 1747 390 1807 Acutae
435 1744 615 1803 solent
661 1759 784 1803 esse
827 1741 1169 1814 objectiones
1215 1746 1346 1801 tuae
1370 1780 1390 1817 ‚
1439 1739 1688 1813 mihique

81 1850 310 1917 semper
333 1836 466 1893 sunt
492 1836 707 1903 gratae.
769 1832 828 1889 Si
857 1848 966 1904 qua
995 1832 1154 1888 detur
1181 1831 1316 1887 unio
1345 1828 1530 1901 realis,
1563 1843 1686 1885 rea·

83 1922 268 1980 liz-am
279 1962 297 1999 ,
361 1922 450 1980 vel
512 1920 698 1995 potius
747 1918 1234 1977 substantializans
1283 1917 1689 1993 phaenomena,

81 2012 311 2083 quaeris
349 2010 484 2085 quid
519 2007 724 2067 efficiat
769 2006 1101 2065 mutationes
1149 2007 1214 2063 in
1260 2006 1386 2079 ipso
1435 2018 1682 2077 eorpore.

83 2097 422 2173 Respondeo
441 2113 570 2157 cum
597 2112 816 2171 eorpus,
845 2096 895 2153 si
924 2111 1026 2169 pto
1055 2094 1370 2153 substantia
1395 2092 1680 2165 habeatur,

85 2188 236 2244 nihil
261 2188 416 2247 aliud
441 2202 564 2243 esse
588 2184 802 2258 possit,
835 2198 1002 2257 quam
1031 2182 1182 2257 quod
1209 2198 1284 2239 ex
1311 2182 1518 2239 unione
1546 2178 1684 2237 reali

85 2274 401 2335 monadum
427 2274 690 2348 resultat,
728 2272 1074 2331 resultabunt
1111 2270 1242 2329 inde
1271 2270 1442 2327 etiam
1471 2266 1684 2325 medifi-

81 2366 336 2423 cationes
349 2404 371 2439 ,
395 2378 534 2437 quas
560 2360 813 2433 habebit,
841 2359 1151 2417 Monadum
1177 2357 1578 2417 mutationibus
1604 2370 1688 2412 re-

87 2452 454 2527 spondentes,
493 2456 552 2507 et
587 2450 722 2506 flent
762 2449 1022 2505 hactenus
1059 2462 1202 2521 quae
1229 2447 1396 2517 vulgo
1423 2445 1689 2503 dieantur

92 2540 372 2600 Monades
415 2540 648 2596 influant
695 2537 756 2593 in
797 2536 904 2593 hoc
937 2536 1238 2607 realizans,
1287 2533 1474 2609 ipsum
1495 2536 1691 2589 ,tamen

89 2630 160 2687 in
187 2630 432 2704 ipsarum
467 2624 684 2698 legibus
721 2624 802 2681 nil
831 2622 1072 2683 unutabit
1108 2637 1237 2681 cum
1275 2619 1534 2722 quicquid
1571 2634 1691 2675 mo-

91 2717 471 2777 dificationum
498 2715 692 2790 habet,
734 2711 856 2771 ab
837 2711 978 2786 ipsis
1005 2710 1206 2769 habeat
1245 2704 1416 2787 (quae
1444 2707 1494 2767 si
1524 2699 1686 2783 vero)

91 2805 424 2865 naturaliter
463 2803 699 2876 scilieet,
737 2816 854 2859 non
891 2803 1082 2857 tamen
1117 2797 1426 2857 formaliter
1465 2810 1562 2853 seu
1605 2810 1690 2853 es-

89 2894 420 2968 sentialiter,
446 2906 574 2950 cum
594 2891 744 2948 Deus
771 2887 826 2946 ei
855 2886 1098 2946 tribuere
1124 2886 1301 2962 possit
1327 2900 1470 2960 quae
1495 2899 1690 2942 mona-

91 2985 198 3043 des
226 2999 340 3042 non
365 2981 518 3055 dant,
548 2984 648 3037 aut
675 2979 890 3036 auferre
915 2991 1060 3049 quae
1087 2975 1238 3036 dant.
1303 2975 1460 3040 Quae
1497 2975 1692 3030 contra

88 3069 337 3147 proferri
383 3071 648 3144 possunt,
695 3065 962 3124 valebunt
1009 3063 1198 3122 omnia
1244 3061 1305 3120 in
1341 3075 1694 3120 communem

93 3160 410 3218 doctrinam
451 3155 794 3214 substantiae
821 3167 1152 3228 corporeae,
1187 3165 1288 3210 seu
1323 3150 1388 3208 in
1427 3149 1488 3208 id
1527 3163 1696 3208 omne

93 3247 254 3322 quod
309 3243 672 3303 substantiale
727 3241 1068 3302 Monadibus
1127 3238 1423 3314 superaddi
1491 3240 1694 3313 potest.

93 3335 328 3396 Sanesi
375 3333 510 3408 quid
558 3332 620 3389 in
669 3332 1022 3407 eorporeeat
1061 3327 1426 3388 substantiale
1475 3329 1696 3402 praeter

97 3423 412 3500 Menecles,
439 3435 664 3480 suarum
690 3419 1040 3495 propriarum
1067 3416 1554 3490 mortificationum,
1576 3431 1696 3473 cor-

97 3529 212 3594 pus
255 3525 421 3570 causa
466 3525 584 3569 esse
621 3507 814 3583 debet,
863 3521 1064 3580 easque
1103 3505 1336 3565 babebit
1373 3503 1698 3562 naturaliter

97 3602 400 3678 pendentes
428 3616 464 3657 a
490 3596 838 3673 monadibus,
867 3609 1006 3669 quas
1033 3594 1184 3670 unit,
1212 3591 1697 3668 supernaturaliter

98 3707 145 3750 a
172 3691 306 3763 Deo,
335 3687 433 3762 qui
460 3687 534 3746 ab
559 3685 696 3762 ipsis
722 3683 1034 3758 disjungere
1061 3681 1542 3758 potest.1taque
1569 3695 1698 3738 eum

99 3779 194 3837 ais
221 3777 450 3850 debere,
503 3779 602 3834 ant
647 3789 685 3830 a
711 3773 832 3831 Deo
869 3788 970 3848 per
1005 3770 1336 3829 miraculum
1372 3771 1698 3843 perpetuum

101 3867 310 3926 habere
335 3863 766 3922 modificationes
797 3877 944 3934 suas,
973 3863 1073 3918 aut
1097 3874 1136 3916 a
1160 3856 1528 3928 Monadibus5
1572 3855 1698 3914 dieo

97 3973 146 4014 a
172 3953 508 4012 Monadibus
554 3951 758 4010 habere
805 3947 1130 4007 naturaliter
1177 3953 1234 4004 et
1272 3947 1624 4021 plerumque,
1662 3957 1700 4000 a

101 4045 230 4103 Deo
259 4041 583 4100 miraculose
610 4043 670 4098 et
695 4053 845 4114 raro,
873 4036 974 4112 qui
997 4037 1204 4111 poterit
1229 4035 1461 4108 effieere,
1489 4038 1556 4090 ut
1581 4046 1702 4091 mo-

101 4131 344 4192 nadibus
382 4128 710 4204 respondeat
750 4127 900 4202 prins
941 4141 1058 4184 non
1095 4125 1227 4182 suis.
1315 4121 1376 4182 Si
1403 4120 1555 4196 quod
1583 4119 1702 4177 vin·

99 4222 294 4280 culum
333 4219 482 4278 reale
519 4215 786 4292 possibile
825 4219 938 4288 θα,
980 4215 1201 4289 oportet
1229 4215 1292 4270 ut
1319 4208 1602 4286 possibilis
1626 4207 1702 4266 sit

99 4310 394 4368 unitorum
429 4307 493 4363 in
527 4305 712 4379 ipsum
746 4303 1018 4378 influxus,
1057 4300 1267 4374 alioqui
1303 4315 1421 4358 non
1459 4297 1568 4356 erit
1603 4311 1702 4354 cur

103 4399 392 4456 vinculum
429 4408 624 4452 eorum
662 4391 776 4449 dici
814 4391 1004 4465 possit.
1091 4389 1380 4446 Caeterum
1418 4403 1534 4447 non
1561 4400 1704 4460 opus

99 4487 216 4544 erit
262 4484 398 4560 poni
445 4481 556 4540 nisi
591 4481 651 4538 in
691 4478 1020 4554 corporibus
1058 4493 1200 4552 quae
1225 4475 1432 4536 iubent
1470 4474 1704 4532 Mona·

103 4575 264 4634 dem
291 4571 808 4642 dominantem,
837 4581 935 4625 seu
962 4581 1108 4641 quae
1133 4569 1263 4624 sunt
1288 4579 1464 4624 unum
1489 4579 1592 4638 per
1619 4578 1698 4639 se,

103 4669 175 4725 ut
199 4661 480 4735 organica,
509 4661 572 4716 et
595 4657 722 4716 huic
747 4671 964 4730 semper
990 4654 1316 4714 adhaerebit
1339 4649 1590 4711 Monadi.

197 4751 392 4810 Altera
441 4745 682 4819 objectio
733 4747 866 4803 haee
903 4746 1005 4802 est.
1095 4742 1158 4800 Si
1194 4741 1472 4802 Monades
1509 4754 1703 4798 omnes

103 4857 184 4901 ex
209 4837 436 4915 proprio
465 4851 630 4912 penu,
659 4837 722 4893 ut
747 4833 828 4892 sic
853 4833 1068 4908 loquar,
1093 4835 1154 4889 et
1181 4832 1300 4890 sine
1325 4830 1444 4889 ullo
1471 4828 1704 4930 physico

103 4930 272 4988 unias
298 4926 524 4984 inalias
556 4925 804 4998 influxu,
842 4918 1624 4998 pei-eeptioneesuashabent,
1653 4917 1706 4974 si

105 5021 396 5095 pmterea
419 5011 726 5085 cuiuslibet
741 5011 1004 5071 Monadis
1041 5010 1420 5086 perceptiones
1457 5005 1702 5080 caeteris,
1812 5005 1826 5020 '

105 5121 252 5182 quae
279 5119 432 5166 uuna
451 5119 490 5162 a
507 5103 628 5162 Deo
648 5105 864 5162 creatae
885 5103 1032 5176 sunt,
1058 5095 1418 5174 Momdibm,
1447 5110 1708 5156 earumve

1754 506 2203 583 pereepflonibu
2220 510 2467 583 praedes
2484 506 2841 595 respondent,
2870 520 2985 571 uon
3010 508 3197 585 potnit
3218 526 3357 587 ugo

1756 596 2981 675 Demuuameoehigquaenuneexistnnt,
3012 598 3355 661 Momdiboe

1755 700 1959 760 unare,
1986 684 2281 758 quinalias
2305 686 2895 747 omneseonderetete.
2936 687 3245 765 Responsio
3268 694 3359 749 est

1757 773 1963 847 meilis,
1990 777 2051 831 et
2086 772 2297 832 dudum
2320 773 2493 833 datas
2554 774 2747 833 Potuit
2781 775 3062 852 absolute,
3101 792 3219 835 nou
3256 794 3357 852 po-

1758 860 1869 919 tuit
1894 862 2273 938 hypothetice,
2308 878 2385 919 ex
2422 878 2535 938 quo
2572 863 2817 921 deoeevit
2840 865 3033 922 omnia
3054 865 3349 941 sapientis-

1757 949 1899 1009 sime
1933 965 2113 1020 agere.
2198 950 2461 1025 Deceptis
2499 954 2687 1011 autem
2712 956 3083 1011 creaturam
3110 954 3355 1012 rationa-
3466 936 3481 947 ’

1757 1036 1899 1097 lium
1937 1039 2093 1096 nulla
2128 1040 2417 1099 foretetsi
2450 1040 2839 1115 phoenomenis
2874 1056 3357 1101 aerumnonom-

1759 1128 1901 1185 uino
1940 1132 2101 1187 extra
2138 1128 2318 1203 ipsas,
2371 1131 2429 1185 et
2468 1132 2661 1186 exacte
2704 1130 3127 1204 responderent,
3178 1130 3359 1191 immo

1761 1215 1967 1291 etiam,
2016 1215 2465 1292 sinihil,veluti
2514 1216 2565 1273 si
2604 1231 2761 1276 mens
2800 1217 3139 1293 aliquasola
3179 1221 3357 1293 easet3

1761 1302 1901 1378 quia
1948 1304 2139 1363 munia
2186 1304 2421 1379 perinde
2468 1304 2783 1379 evenirent,
2832 1321 2901 1363 ae
2945 1306 2999 1365 si
3035 1308 3221 1365 emeat
3245 1304 3360 1365 alia

1767 1392 1995 1469 omnia,
2034 1408 2213 1468 neque
2238 1392 2337 1449 illa
2362 1408 2492 1451 cum
2518 1392 2735 1451 ratione
2758 1407 2929 1463 agens
2954 1394 3065 1451 sibi
3092 1394 3362 1452 dainnum

1765 1486 2083 1540 emerserat.
2166 1480 2291 1539 Hoc
2316 1482 2468 1539 enim
2492 1485 2579 1538 est
2603 1496 2715 1538 non
2744 1481 2883 1539 falli.
2956 1481 3035 1539 Ut
3060 1486 3249 1540 autem
3270 1480 3361 1551 ju·

1767 1569 1973 1628 dicium
1998 1568 2309 1645 probabile,
2338 1569 2489 1644 quod
2516 1571 2785 1627 formaret
2808 1569 2881 1626 de
2908 1569 3205 1631 existentia
3224 1569 3363 1627 alia-

1767 1658 3365 1734 mmereeturarum,verumeoeet‚nonmgisnoeoesa·

1769 1745 1916 1804 rium
1944 1749 2119 1821 foret,
2158 1762 2327 1821 quam
2354 1762 2571 1805 neeesse
2597 1746 2735 1821 fuit,
2776 1750 2843 1805 ut
2870 1750 3014 1803 ten-a
3042 1746 3363 1819 quiesceret,

1765 1834 1899 1907 quia
1936 1835 2125 1908 paneis
2173 1836 2447 1909 exeeptis,
2500 1838 2683 1891 totum
2734 1848 2905 1907 genus
2942 1834 3247 1893 humanum
3283 1832 3367 1890 ita

1766 1921 1969 1979 merito
2010 1922 2148 1979 olim
2182 1920 2469 1991 judicavit.
2556 1921 2687 1979 Non
2726 1920 2895 1990 igitur
2922 1936 2999 1980 ex
3024 1922 3367 1993 necomitam

1764 2009 1865 2067 sed
1901 2026 1976 2067 ex
2001 2009 2274 2084 sapientia
2301 2009 2405 2067 Dei
2434 2010 2527 2094 tit,
2556 2012 2621 2066 ut
2639 2008 2851 2079 judicia
2888 2024 2964 2067 ex
2988 2010 3235 2067 maxime
3274 2023 3369 2067 ve·

1765 2097 2095 2157 risimilibus
2106 2136 2127 2173 ,
2186 2101 2321 2171 post
2373 2098 2599 2172 plenam
2654 2095 3051 2157 discussionem
3106 2098 3369 2171 formata,

1765 2186 1881 2245 sint
1901 2202 2050 2245 vera.

1858 2273 2014 2331 Nihil
2078 2272 2153 2331 ab
2204 2272 2635 2349 Amhiepiseopo
2694 2272 3079 2331 Cameracensi
3139 2270 3369 2347 prodiit,

1771 2362 1925 2436 quod
1952 2378 2069 2421 non
2094 2377 2361 2434 magnum
2386 2360 2541 2435 ejus,
2582 2366 2640 2418 et
2668 2361 2947 2434 singulare
2972 2360 3257 2437 ingenium
3282 2361 3369 2418 re'-

1771 2449 2003 2508 doleret.
2092 2449 2201 2507 Sed
2250 2450 2451 2507 vellem
2498 2448 2632 2506 facti
2678 2448 3133 2507 infallibilitatem
3176 2452 3373 2507 eonas

1773 2536 2225 2611 Bellarmini‚
2264 2541 2323 2594 et
2360 2541 2449 2594 tot
2486 2534 2725 2595 aliorum
2764 2550 3093 2606 magnorum
3120 2537 3373 2594 virorum

1774 2626 2107 2684 sententiam
2128 2624 2417 2683 defendere
2436 2641 2552 2683 non
2572 2626 2855 2681 tentasset.
2884 2622 3053 2680 Volui
3072 2622 3373 2697 aliquando

1775 2715 1897 2790 ipse
1922 2728 2020 2789 per
2045 2728 2137 2771 me
2164 2716 2457 2789 pensu-are
2482 2713 2543 2770 iu
2590 2712 2791 2769 intima
2817 2710 3145 2769 Jausenii
3194 2726 3375 2786 sensa,

1775 2803 1874 2861 sed
1903 2800 2157 2875 totalis,
2198 2800 2413 2872 agenda
2450 2806 2511 2859 et
2550 2799 2871 2858 meditanda
2908 2815 3026 2857 non
3054 2801 3371 2874 permistim
3458 2826 3462 2836 ·

1775 2890 1939 2958 Quod
1990 2894 2265 2965 superest,
2320 2888 2445 2948 vale
2478 2892 2537 2948 et
2564 2890 2707 2948 fave.
2795 2886 3017 2948 Dabam
3044 2888 3377 2950 Hunorum

1779 2979 1884 3036 29.
1912 2977 2125 3055 Aprilis
2160 2977 2351 3036 1715.

2671 3062 2721 3120 D
2772 3061 2855 3121 1...
2914 3062 2931 3078 .

2286 3151 2409 3210 ’6.
2474 3151 2545 3208 G.
2609 3148 3197 3208 Leibnitius.
3356 3175 3365 3184 ·

1866 3241 1931 3302 P.
1970 3239 2027 3300 S.
2113 3237 2451 3315 Exetnplnm
2486 3237 2865 3298 ‘theodicseae
2902 3251 3063 3296 meae
3098 3239 3163 3294 in
3190 3236 3378 3296 Gallis

1779 3329 1992 3406 editae,
2020 3329 2083 3388 in
2108 3328 2463 3404 duodecima,
2492 3341 2663 3402 quam
2690 3330 2923 3400 vocant,
2968 3327 3155 3384 forma
3178 3341 3377 3400 nuper,

1777 3421 1969 3478 nescio
2006 3419 2165 3494 cnjus
2204 3417 2404 3490 missu,
2451 3432 2528 3473 eut
2566 3416 2791 3474 Batavis
2830 3416 3033 3491 aeeepi.
3117 3413 3379 3489 suspiooe

1778 3507 1848 3566 R..
1899 3507 2082 3567 Patris
2134 3503 2551 3565 Tui-nemini
2602 3519 2801 3563 munta
2829 3521 2981 3579 esse,
3030 3501 3121 3562 eui
3168 3503 3380 3576 gratiss

1780 3595 1991 3674 debeo,
2027 3599 2087 3655 et
2124 3597 2192 3656 ut
2226 3609 2355 3654 meo
2382 3593 2634 3669 nomine,
2676 3609 2777 3669 per
2803 3593 3181 3667 ooeasionem,
3222 3583 3379 3667 agasss

1777 3689 1929 3762 peto.

2422 3871 2741 3888 -i—-ffl

2166 4111 2679 4178 EPISTOLA
2732 4109 3004 4176 XXVIII.

1851 4273 2490 4339 Reverendissime
2538 4275 2775 4349 pater,
2818 4272 3058 4332 fautor
3086 4267 3313 4332 Hono·

2396 4379 2775 4440 ratissima.

1874 4560 2088 4618 Acutae
2138 4559 2272 4616 sunt
2320 4554 2619 4615 instanfiae
2664 4557 2821 4629 tune,
2872 4525 3041 4625 atque
3080 4547 3211 4608 ideo
3248 4554 3378 4610 cum

1785 4649 2071 4724 voluptate
2109 4645 2186 4705 ad
2211 4661 2307 4704 eas
2334 4642 2678 4718 respondeo,
2714 4657 2849 4699 nam
2886 4644 2949 4698 et
2972 4653 3067 4696 me
3092 4638 3293 4698 docent
3316 4639 3380 4694 ct

1782 4754 1905 4798 rem
1932 4723 2231 4794 mach-ant.
2314 4733 2585 4808 Incipiam
2608 4745 2647 4788 a
2673 4733 2833 4805 parta
2856 4725 3185 4804 posteriore.
3254 4723 3378 4782 Ms-

1781 4827 1944 4886 xima
1991 4822 2471 4884 verisimilitudine
2510 4819 2855 4892 judieamus,
2912 4829 3019 4874 uos
3062 4825 3183 4871 non
3226 4810 3379 4870 solos

1785 5090 2259 5170 passiminculeo,
2303 5061 3375 5228 (ιιιὸάιιίῑιίὲὲὲέὶιιοηᾰοιιομιωηο
3432 5107 3440 5112 -
