3717 5850
419 304 554 372 (³78

423 543 622 611 Recte,
669 536 768 593 aed
811 533 1628 609 eumvideamnsetmotum,
1671 532 2031 590 ln‘ncintelli

425 630 608 726 gimus
659 638 886 681 musam
931 626 1120 679 motus
1156 639 1252 681 seu
1295 624 1430 680 vim.
1518 620 1879 679 Mechanismi
1906 622 2031 677 tom

433 720 522 773 cat
549 712 636 769 via
663 712 974 786 primitiva,
1014 710 1112 767 sed
1139 713 1288 785 leges
1315 715 1532 783 motus,
1561 708 1860 765 secundum
1890 722 2029 781 quas

425 818 502 859 ex
527 814 596 856 ea
623 804 922 857 nascuntur
947 798 1190 873 impetus
1218 816 1316 857 aen
1343 800 1490 856 vires
1508 795 1867 872 derivativae,
1898 811 2027 870 pro·

426 888 1105 962 mntexpemeptione
1155 888 1392 945 boniet
1439 886 1604 958 mali,
1657 901 1756 941 seu
1806 900 1883 941 ex
1930 899 2019 957 eo,

423 976 576 1051 quod
605 980 688 1033 est
715 974 1307 1034 convenientissimum.
1395 974 1481 1030 Ita
1507 974 1598 1047 fit,
1629 978 1696 1029 ut
1723 972 2021 1029 efficientes

423 1079 626 1122 ansae
661 1062 938 1137 pendeant
975 1080 1012 1119 a
1041 1064 1328 1135 finalibus,
1365 1065 1424 1117 et
1449 1060 1755 1134 spiritualia
1782 1060 1899 1117 sint
1920 1073 2021 1117 na-

427 1156 554 1210 tura
613 1151 800 1225 priora
847 1149 1256 1223 materialibus,
1315 1149 1400 1206 uti
1453 1150 1624 1205 ctiam
1673 1146 1838 1205 nobis
1888 1150 2023 1204 sunt

423 1241 614 1313 priora
640 1238 978 1312 cognitione,
1021 1238 1150 1310 quia
1177 1238 1408 1293 interius
1434 1238 1680 1293 animam
1709 1234 1909 1309 (nobis
1932 1236 2017 1293 in·

425 1327 660 1395 tiniam)
713 1340 880 1399 quam
939 1342 1142 1398 corpus
1191 1324 1581 1398 perspicimuS,
1648 1323 1798 1397 quod
1847 1323 2019 1380 etiam

423 1414 630 1472 Plato
677 1418 746 1470 et
791 1414 1161 1470 Oartesius
1210 1416 1487 1469 notarunt.
1578 1412 1736 1467 Hanc
1776 1411 1893 1467 vim
1934 1410 2018 1465 ais

423 1502 680 1575 cognosci
708 1516 806 1574 per
833 1502 1088 1573 effectus,
1121 1516 1231 1557 non
1259 1499 1438 1573 qualis
1466 1499 1526 1555 in
1556 1514 1618 1553 se
1645 1503 1762 1570 est3
1795 1514 2019 1570 respon-

420 1588 529 1646 deo
559 1588 638 1645 ita
667 1590 806 1661 fore,
834 1589 883 1644 si
911 1588 1157 1644 animam
1184 1604 1298 1643 non
1329 1586 1671 1661 haberemus,
1701 1602 1802 1641 nec
1821 1601 2021 1659 cogno-

423 1691 709 1733 sceremus.
798 1674 986 1731 Habet
1029 1675 1215 1731 anima
1255 1676 1316 1731 in
1345 1690 1406 1730 se
1434 1674 1810 1747 perceptiones
1839 1678 1899 1730 et
1924 1690 2021 1773 ap-

419 1764 655 1837 petitus,
708 1762 885 1834 iisque
925 1766 1122 1819 natura
1160 1762 1279 1832 ejus
1317 1762 1645 1819 continetur.
1736 1762 1808 1817 Et
1847 1766 1910 1817 ut
1958 1760 2021 1815 in

417 1867 649 1925 corpore
675 1850 1034 1922 intelligimus
1063 1832 1488 1913 ἀντιτυπίαν,
1528 1854 1583 1905 et
1605 1848 1837 1918 figuram
1857 1863 2021 1919 gene-

417 1938 586 1995 ratim
601 1978 619 2011 ,
673 1936 778 1993 etsi
837 1937 1140 1993 nesciamus
1153 1976 1172 2011 ,
1234 1951 1377 2008 quae
1439 1937 1552 1991 sint
1603 1935 1837 2007 Figurae
1900 1951 2022 1991 cor-

417 2040 618 2097 porum
679 2023 1123 2080 insensibilium·
1107 2066 1122 2079 .
1185 2023 1268 2079 ita
1315 2024 1377 2077 in
1426 2022 1615 2079 anima
1664 2022 2021 2092 intelligimus

416 2111 820 2186 perceptionem
861 2116 919 2166 et
966 2111 1272 2183 appetitum
1283 2140 1318 2185 ,Γ
1357 2110 1460 2165 etsi
1489 2126 1603 2165 non
1632 2124 2022 2179 cognoscamus

415 2198 672 2257 distincte
753 2197 1093 2255 insensibilia
1171 2198 1535 2269 ingredientia
1611 2198 2026 2270 perceptionum

417 2289 807 2359 confusarum,
862 2284 1062 2360 quibus
1113 2284 1456 2343 insensibilia
1505 2300 1802 2358 corporum
1841 2284 2025 2359 expri-

414 2362 660 2429 muntur.
753 2374 954 2430 Sentiri
967 2413 986 2446 ,
1039 2372 1124 2429 ais
1159 2371 1498 2445 spiritualia,
1549 2372 1794 2446 exempli
1843 2372 2023 2445 gratia

415 2463 632 2534 aerem,
663 2466 920 2533 ventum,
952 2460 1164 2533 lumen,
1205 2477 1319 2517 non
1349 2464 1534 2515 tamen
1579 2459 1705 2515 ideo
1745 2461 1879 2516 satis
1929 2476 2019 2516 co·

415 2548 636 2617 gnosci3
669 2546 766 2603 sed
795 2546 929 2602 mihi
952 2551 1064 2619 aer,
1095 2551 1308 2621 ventuS,
1339 2547 1546 2619 lumen,
1577 2562 1690 2603 non
1712 2548 1890 2617 magis
1911 2547 2021 2619 spi·

413 2634 638 2691 ritualia
689 2634 948 2689 videntur
997 2650 1165 2705 quam
1215 2649 1360 2706 aqua
1399 2649 1622 2689 currens
1636 2674 1653 2707 ,
1705 2648 1805 2689 nec
1843 2634 1918 2690 ab
1948 2649 2016 2689 ea

413 2722 679 2778 differunt
708 2720 816 2776 nisi
843 2720 1164 2778 subtilitate.
1254 2720 1522 2794 Spiritus,
1561 2721 1809 2793 animae,
1851 2726 1911 2777 et
1953 2722 2018 2777 in

412 2808 730 2866 uuiversum
761 2806 1102 2865 substantiae
1130 2808 1404 2882 simplices
1437 2823 1534 2863 seu
1565 2806 1856 2881 monades,
1888 2824 2010 2863 sen-

414 2894 568 2953 sibus
615 2901 673 2953 et
723 2895 1118 2967 imaginatione
1167 2894 1554 2968 comprehendi
1608 2911 1720 2952 non
1759 2900 2009 2971 possunt,

409 2982 543 3057 quia
582 2985 833 3056 partibus
887 2987 1093 3039 carent.
1183 2983 1445 3058 Quaeris,
1496 2998 1569 3038 an
1619 2983 1742 3040 dari
1789 2983 2011 3040 credam

410 3087 659 3145 corpora,
693 3085 836 3144 quae
861 3085 974 3126 non
1002 3069 1204 3126 cadunt
1240 3069 1343 3127 sub
1373 3069 1570 3126 visum.
1662 3069 1867 3136 Quidni
1894 3088 2010 3128 cre-

409 3159 578 3216 dam‘l
645 3161 778 3232 quin
818 3159 934 3215 imo
975 3159 1046 3215 dc
1084 3159 1165 3214 eis
1205 3175 1320 3216 non
1361 3157 1604 3214 dubitari
1654 3175 1815 3231 posse
1853 3164 2006 3232 puto.

407 3245 516 3304 Per
551 3247 910 3319 microscopia
949 3247 1197 3302 videmus
1234 3246 1563 3303 animalcula
1602 3247 1741 3301 alias
1779 3246 2011 3302 insensi-

407 3333 564 3406 bilia,
591 3339 650 3389 et
677 3333 892 3390 nervuli
921 3334 1120 3389 borum
1147 3333 1600 3390 animalculorum
1630 3338 1686 3390 et
1711 3333 1827 3390 alia
1855 3335 2005 3391 sorte

405 3421 660 3480 muntia
699 3421 758 3476 in
797 3421 1046 3492 ipsorum
1085 3421 1407 3478 humoribus
1446 3421 1780 3478 animalcula
1829 3421 2005 3478 videri

404 3523 520 3565 nen
561 3511 806 3579 possunt.
893 3507 1184 3564 Subtilitas
1219 3513 1450 3565 naturae
1499 3508 1746 3582 procedit
1783 3509 1846 3564 in
1886 3510 2005 3565 inti·

493 3679 596 3736 m.
623 3678 872 3753 Denique
905 3681 1050 3752 petis
1089 3680 1436 3740 definitiones
1462 3683 1728 3739 materiae
1741 3723 1757 3756 ,
1801 3699 1997 3756 corpo·

400 3767 500 3843 ria,
529 3767 771 3841 spiritns.
855 3767 1083 3826 Mater
1099 3769 1158 3824 ia
1185 3775 1298 3843 est,
1329 3771 1476 3844 qnod
1505 3771 1759 3827 consistit
1785 3769 1844 3830 in
1866 3772 2010 3827 anti·-

410 3855 572 3928 typia
639 3871 736 3912 acu
793 3857 942 3928 quod
995 3859 1306 3930 penetranti
1353 3859 1590 3931 resistit3
1653 3864 1819 3930 atque
1878 3859 2003 3916 ideo

401 3942 550 4000 nuda
591 3943 828 3999 materia
857 3959 1010 4000 mere
1034 3947 1258 4019 passiva
1307 3951 1408 4002 est.
1495 3947 1766 4020 Corpus
1815 3951 2002 4010 autem

397 4035 618 4104 praeter
644 4031 940 4088 nuteriam
965 4033 1138 4090 etiam
1164 4034 1328 4090 babet
1355 4036 1470 4092 vim
1499 4034 1756 4092 activam.
1834 4035 1881 4091 G
1900 4051 2000 4092 or·

399 4133 524 4192 pas
562 4123 750 4176 autem
789 4124 876 4177 est
902 4120 990 4178 vel
1017 4121 1328 4182 substantia
1353 4138 1650 4198 corperea,
1700 4121 1790 4179 vel
1817 4135 2001 4182 massa

1363 302 1636 365 mxxxi.
1719 302 2079 365 mona
2120 304 2229 363 AD
2270 302 2777 365 maumam.

421 448 868 526 ‹it-positionum,
895 444 992 504 aad
1019 460 1136 505 non
1155 444 1346 503 videre
1365 445 1722 505 mediamsmi
1743 444 2030 519 principia.
2118 460 2195 502 ex
2220 406 2543 503 substantiis
2578 442 2861 519 eorporis
2894 442 3145 502 cdbch.

3231 446 3714 511 Substantiam

2117 546 2535 606 corpoream
2584 549 2757 607 voco,
2814 545 2957 603 quae
2996 532 3061 589 in
3112 534 3425 593 substantia
3474 524 3715 612 simplice

2116 636 2217 677 seu
2244 620 2484 678 monade
2522 619 2621 689 (id
2650 626 2737 677 est
2764 622 2952 677 anima
2982 621 3070 677 rel
3098 621 3321 679 animae
3346 626 3625 697 analoga)
3662 641 3715 687 et

2112 708 2273 764 unito
2314 708 2367 765 ei
2406 722 2638 781 corpore
2686 702 2953 781 organico
3000 710 3271 767 consistit.
3360 713 3447 767 At
3496 729 3714 773 massa

2113 802 2199 853 est
2226 801 2578 870 aggregamini
2605 795 3039 853 substantiarum
3076 813 3475 871 corporearum
3492 840 3513 873 ,
3548 808 3611 857 ut
3632 820 3709 859 a·

2115 900 2239 941 sens
2266 884 2545 940 interdurn
2572 899 2647 939 ex
2672 885 2923 953 continge
2952 886 3227 941 vermium
3250 890 3493 943 constat.
3550 888 3707 946 Porro

2111 973 2355 1028 Monac
2396 987 2495 1028 seu
2534 970 2843 1028 substantia
2872 971 3119 1044 simplex
3150 974 3211 1029 in
3237 988 3451 1042 genere
3476 979 3707 1033 continet

2108 1058 2515 1133 perceptionem
2579 1064 2641 1114 et
2678 1058 3017 1133 appetitum,
3066 1064 3259 1135 estque
3306 1062 3399 1117 vel
3440 1064 3707 1136 primitiva

2108 1163 2205 1205 seu
2234 1146 2445 1221 Dens,
2486 1146 2547 1203 in
2584 1160 2695 1219 qua
2732 1150 2821 1204 est
2846 1146 3047 1205 ultima
3070 1149 3219 1205 ratio
3242 1162 3463 1221 rernm
3512 1152 3604 1205 vel
3627 1160 3697 1207 est

2106 1236 2439 1309 derivativa,
2470 1250 2669 1308 nempe
2696 1234 2900 1292 Menas
2927 1240 3141 1309 anta,
3168 1252 3343 1310 caque
3370 1242 3463 1294 est
3492 1239 3589 1293 vel
3612 1256 3691 1295 ra·

2105 1324 2259 1380 tione
2286 1322 2569 1397 praedita,
2608 1337 2829 1395 mens,
2870 1325 2959 1379 vel
2988 1338 3151 1379 sensu
3182 1325 3469 1398 praedita,
3516 1342 3701 1399 nempe

2111 1412 2371 1483 anima,
2406 1411 2491 1466 vel
2520 1409 2779 1467 inferiae
2805 1410 3045 1483 quodam
3065 1410 3237 1481 &adu
3262 1414 3699 1486 peoeeptioniset

2062 1522 2067 1525 ·
2107 1498 2386 1572 appetitus
2427 1497 2707 1572 praedita,
2758 1514 2856 1555 seu
2891 1499 3165 1555 animae
3190 1500 3533 1576 analoga,
3574 1518 3714 1573 quae

2108 1586 2259 1662 nudo
2298 1584 2562 1642 Monadis
2601 1586 2825 1643 nomine
2856 1591 3117 1644 contenta
3140 1592 3254 1661 eat,
3296 1604 3429 1645 mn
3466 1588 3597 1658 dns
3620 1600 3714 1645 va-

2107 1673 2223 1729 rios
2261 1673 2463 1744 gradus
2491 1689 2605 1729 non
2633 1689 3041 1745 cognoscamus.
3130 1674 3326 1731 Omnis
3354 1681 3559 1733 autem
3586 1676 3695 1733 Mo-

2107 1777 2205 1817 nas
2234 1765 2321 1816 est
2348 1760 2807 1834 inextinguibilis,
2836 1776 3014 1834 neque
3040 1762 3190 1818 enim
3210 1763 3565 1821 substantiae
3584 1765 3714 1819 sim-³

2108 1848 2276 1920 plices
2304 1847 2411 1903 nisi
2443 1848 2681 1905 creando
2712 1848 2797 1903 vel
2825 1848 3209 1924 annihilando,
3250 1850 3311 1907 id
3350 1854 3447 1907 est
3474 1851 3689 1909 miracu·

2108 1936 2257 2007 lose,
2314 1934 2448 1991 oriri
2498 1941 2598 1991 aut
2644 1935 2895 1993 desinere
2942 1942 3189 2009 possunt.
3280 1938 3357 1993 Et
3419 1945 3689 2012 praetcrea
3713 1934 3714 1953 *

2106 2022 2290 2079 omnis
2318 2020 2525 2077 Menas
2574 2028 2759 2079 crema
2807 2026 2894 2083 est
2942 2040 3174 2096 corpore
3211 2024 3407 2097 aliquo
3448 2028 3687 2097 organico

2106 2110 2391 2182 praedita,
2436 2110 2732 2166 secundum
2760 2110 2909 2184 quod
2938 2112 3169 2185 percipit
3207 2113 3687 2186 appetitqne3ets

2106 2212 2207 2270 per
2245 2196 2559 2253 nativitates
2598 2203 2911 2270 mortesque
2938 2199 3091 2255 varie
3116 2200 3373 2257 volvatur
3388 2240 3407 2275 ,
3458 2202 3687 2257 involva-
3713 2194 3714 2255 ξ

2106 2289 2225 2358 tur,
2264 2285 2712 2361 transformetur,
2754 2290 2812 2343 et
2848 2286 2911 2343 in
2940 2290 3203 2361 perpetuo
3230 2290 3391 2343 fluxu
3422 2290 3685 2345 consistat.
3713 2330 3714 2333 η

2104 2372 2282 2429 Porro
2332 2370 2607 2431 Monades
2656 2373 2717 2429 in
2768 2379 2827 2429 se·
2866 2374 3151 2431 continent
3186 2374 3578 2433 Entelechiam
3614 2393 3714 2433 set:¹

2102 2460 2218 2515 vim
2246 2460 2605 2533 primitivam,
2634 2464 2697 2518 ut
2725 2460 2845 2517 sine
2870 2462 3008 2535 ipsis
3036 2462 3269 2519 materia
3297 2478 3459 2519 mere
3488 2480 3687 2535 pann
3713 2536 3714 2541 η

2101 2551 2273 2619 esset,
2303 2551 2360 2602 et
2384 2548 2608 2619 quaevis
2633 2564 2816 2605 'massa
2844 2548 3272 2608 innumerabiles
3302 2552 3565 2608 continet
3590 2568 3687 2607 mo-

2100 2635 2269 2690 nades
2283 2673 2300 2707 ,
2342 2634 2445 2689 etsi
2485 2634 2633 2690 enim
2662 2637 3090 2709 unumquodque
3118 2638 3445 2711 organicum
3476 2645 3687 2697 natum
3713 2634 3714 2637 ’

2098 2736 2295 2794 corpus
2324 2736 2483 2777 suam
2512 2722 2715 2779 babeat
2744 2725 3041 2781 monadem
3070 2726 3537 2801 respondentem,
3580 2744 3683 2784 con—

2096 2810 2236 2863 tinet
2278 2812 2460 2866 tamen
2489 2808 2549 2864 in
2577 2812 2825 2883 partibus
2852 2812 2992 2869 alias
3019 2813 3311 2889 monades,
3510 2815 3683 2873 itidem

2095 2895 2419 2970 corporibus
2460 2898 2735 2968 organicis
2774 2898 3051 2972 praeditas
3082 2900 3367 2974 primario
3398 2903 3684 2962 inservien-

2094 2984 2270 3054 tibus,
2321 2989 2379 3040 et
2426 2984 2565 3040 nihil
2622 2987 2775 3043 aliud
2803 2991 2887 3046 est
2915 2991 3035 3046 tota
3063 2993 3290 3062 natarat
3345 3005 3581 3048 necesse
3618 2999 3685 3047 est

2094 3071 2243 3127 enim
2256 3112 2273 3146 ,
2318 3073 2507 3128 omnia
2547 3079 2841 3146 aggregata
2880 3091 2953 3133 ex
2998 3077 3320 3134 substantiis
3353 3079 3683 3154 simptidbus

2093 3160 2392 3234 resultare,
2440 3165 2723 3233 tamquam
2770 3177 2844 3218 ex
2902 3165 3046 3220 veris
3102 3165 3413 3222 elementis.
3508 3169 3684 3224 Atomi

2094 3264 2255 3320 vero,
2284 3261 2377 3302 seu
2408 3263 2639 3320 corpora
2668 3253 2929 3324 extensa,
2986 3257 3042 3307 et
3072 3257 3257 3309 tamen
3290 3253 3683 3326 infrangibilis,

2092 3338 2219 3389 sunt
2248 3351 2335 3389 res
2364 3333 2607 3410 fictitiae,
2634 3351 2777 3408 quae
2798 3337 2907 3394 nisi
2936 3354 3037 3411 per
3063 3341 3395 3397 miraculum
3422 3344 3683 3415 explicari
3713 3359 3714 3362 ¹

2093 3437 2209 3478 non
2236 3426 2497 3496 possunt,
2540 3427 2601 3480 et
2629 3424 2846 3481 ratione
2871 3430 3092 3500 carent,
3134 3443 3235 3484 nec
3258 3443 3463 3484 cauma
3492 3432 3685 3488 virium

2091 3515 2449 3582 motuumque
2488 3526 2562 3566 ex
2601 3511 2715 3568 illis
2740 3513 2971 3570 reddere
2994 3514 3143 3571 lieet.
3238 3515 3313 3571 Et
3340 3516 3483 3573 licet
3508 3517 3689 3576 dam-

2091 3600 2214 3671 tur,
2264 3613 2391 3654 vere
2418 3597 2689 3672 simplicia
2727 3617 2843 3658 non
2870 3602 3081 3676 forent,
3110 3618 3180 3659 eo
3204 3603 3363 3678 ipso,
3404 3607 3549 3678 (μὴ
3572 3613 3714 3664 smt

2092 3687 2322 3742 extem
2372 3692 2431 3742 et
2478 3687 2729 3761 partibus
2776 3689 3045 3762 praedita.
3132 3691 3223 3747 lta
3262 3690 3377 3749 tnis
3428 3695 3687 3767 respondi

2092 3777 2443 3846 mentemque
2482 3791 2665 3832 meam
2692 3777 2925 3852 exposui
2938 3819 2955 3852 ,
2986 3783 3255 3852 quantum
3282 3779 3483 3854 paucis
3512 3787 3575 3839 et
3596 3789 3714 3856 per*

2092 3861 2309 3918 litteras
2348 3863 2493 3919 licet.
2583 3864 2693 3921 Pro
2726 3866 2979 3922 oratione
3018 3871 3121 3923 tua
3157 3868 3521 3941 per-elegante
3570 3889 3689 3944 gra-

2089 3948 2197 4005 tias
2224 3965 2330 4022 ago
2372 3951 2667 4009 maximas·
2755 3953 2909 4011 Vale.
2964 3953 3389 4013 Hanoverae
3434 3959 3541 4014 12.
3569 3962 3714 4015 Aur-¹

2085 4039 2277 4113 gusti
2315 4039 2344 4096 1
2358 4038 2389 4094 Ἰ
2404 4038 2503 4096 11.
3713 4045 3714 4048 ’

1611 4603 1813 4612 α--ψυ-
1830 4601 2459 4614 ——u-——ss—--ss--ss-——ss—-u
