3717 5850
1156 361 1371 421 xxm
1430 361 2000 422 DIFFICULTATES
2027 361 2362 421 LOGICAE.
3255 353 3386 420 103

55 569 59 596 r
158 513 243 565 est
280 505 509 564 ridens
546 520 665 562 non
706 505 869 562 aliter
908 504 1085 580 accipi
1111 503 1292 577 debet,
1332 519 1505 576 quam
1530 503 1699 561 homo
1800 505 2168 579 quantitatem
2225 519 2360 560 suae
2412 503 2828 579 propositionis.
2924 505 2990 563 ln
3043 503 3116 562 U.
3161 507 3232 562 A.
3276 507 3388 564 AB

156 597 369 654 ridens
410 597 520 650 est
567 595 733 668 Elis,
790 609 989 668 nempe
1042 593 1307 668 possibile
1356 609 1453 648 seu
1504 593 1567 649 in
1616 609 1701 649 re·
1800 612 1835 666 9
1879 595 1948 650 A.
2037 595 2184 666 Ergo
2226 599 2284 651 et
2328 583 2416 657 V
2459 594 2571 650 AB
2612 611 2646 666 9
2694 585 2782 657 V
2823 596 2893 651 A.
2976 593 3085 652 Sed
3127 595 3189 651 in
3231 594 3384 652 RN.

158 687 295 758 gione
330 684 595 740 Idem-um.
678 682 785 738 Sed
838 681 897 738 si
940 683 1183 738 ridens
1232 685 1337 738 est
1378 681 1539 756 Ena,
1597 697 1699 754 pro
1802 683 1851 738 si
1895 683 2004 740 AB
2044 698 2162 739 non
2204 699 2240 753 9
2282 683 2338 738 A
2378 697 2494 738 non
2535 681 2664 739 hinc
2705 681 2952 754 sequitur
2985 674 3074 748 V
3114 684 3227 742 AB
3269 699 3386 741 non

158 775 239 830 tali
276 772 651 846 minipoterit,
698 769 1701 844 verumqueeritaliquemhominem
1747 750 1754 835 Ι
1802 761 1948 844 9V
1993 773 2065 845 A,
2107 785 2244 827 nam
2287 771 2338 826 si
2383 761 2471 833 V
2515 787 2550 841 9
2595 769 2657 843 B,
2704 761 3104 834 foretVAB
3147 765 3387 844 9VA.

160 869 263 920 actu
298 861 487 917 ridere.
572 859 727 916 Idem
768 865 855 916 est
896 859 1417 933 siprucessissemus
1458 873 1703 932 permo-
1801 861 2016 916 Rursus
2061 876 2194 917 vero
2235 860 2297 915 in
2337 859 2404 914 V.
2437 859 2506 914 N.
2551 859 2600 914 si
2645 859 2758 916 AB
2799 875 2916 915 non
2959 865 3046 916 est
3077 862 3390 918 Ensetiam

161 951 284 1024 duni,
324 965 431 1022 quo
472 949 641 1005 etiam
680 948 1025 1022 particularis
1050 948 1380 1005 affirmativa
1418 947 1493 1004 ad
1519 946 1705 1019 aequi·
1806 940 2025 1013 VAB
2053 963 2170 1005 non
2213 953 2299 1004 est
2318 947 2453 1023 Ens,
2497 963 2598 1003 seu
2642 947 2693 1002 si
2734 947 2845 1005 AB
2887 963 3001 1005 non
3033 967 3068 1020 9
3100 950 3212 1006 AB
3253 951 3388 1023 Ens,

160 1039 448 1111 pollentiam
489 1037 793 1095 reducitur:
848 1037 1043 1092 Omnis
1094 1037 1282 1094 iidem
1322 1040 1405 1092 est
1454 1035 1623 1091 homo
1664 1033 1702 1090 i.
1804 1037 1976 1093 etiam
2020 1027 2109 1100 V
2149 1037 2250 1094 AB
2302 1052 2418 1092 non
2460 1053 2495 1108 9
2541 1027 2630 1100 V
2673 1037 2782 1092 AB
2825 1037 2959 1095 Ens.
3062 1039 3170 1096 Sed
3221 1039 3283 1095 in
3325 1040 3388 1096 P.

160 1146 198 1184 e.
234 1127 403 1184 ridens
443 1130 503 1182 et
542 1126 729 1182 ridens
768 1127 939 1182 homo
990 1126 1351 1198 aequivalent-
1414 1125 1591 1180 Porro
1630 1122 1705 1179 ri·
1804 1127 1874 1184 A.
1919 1125 1971 1180 si
2012 1125 2121 1181 AB
2171 1129 2258 1181 est
2297 1125 2432 1199 Ens,
2473 1141 2604 1181 -non
2646 1125 2896 1198 sequitur
2935 1127 3106 1183 etiam
3149 1119 3239 1192 V
3280 1129 3392 1184 AB

160 1217 271 1271 dens
293 1220 345 1271 et
368 1215 554 1272 ridens
581 1215 697 1271 Ens
723 1215 1083 1288 aequivalent.
1152 1215 1299 1287 Ergo
1326 1213 1513 1270 ridens
1538 1213 1705 1268 bomo
1805 1231 1930 1272 esse
1981 1214 2127 1284 Eus3
2189 1217 2406 1288 potesta
2449 1214 2568 1269 nim
2621 1214 2726 1270 sub
2784 1205 2874 1280 V
2914 1217 3126 1272 assumi
3180 1217 3392 1290 aliquid

162 1309 207 1360 et
236 1303 405 1360 ridens
446 1303 616 1360 bomo
658 1303 773 1358 Em
813 1303 1191 1376 aequivalent3
1235 1303 1383 1375 Ergo
1422 1302 1591 1358 homo
1630 1300 1706 1357 ri-
1804 1301 2220 1376 ineompatibile
2269 1319 2400 1359 cum
2453 1302 2510 1359 A
2561 1306 2619 1358 et
2671 1303 2732 1359 B.
2827 1304 3024 1378 Itaque
3074 1321 3148 1361 ex
3198 1309 3392 1363 nostro

164 1394 271 1448 dens
306 1399 361 1448 et
397 1392 565 1448 homo
620 1391 807 1448 ridens
859 1393 973 1448 Ens
1025 1391 1373 1464 aequivalent
1413 1391 1449 1446 i.
1496 1407 1543 1446 e.
1586 1389 1707 1461 qui·
1805 1391 2016 1450 calculo
2059 1407 2252 1447 omnes
2295 1391 2614 1463 collegimus
2655 1393 2876 1466 regulas
2919 1394 3391 1451 distribut-ionum.

162 1481 269 1536 dam
304 1481 467 1538 bomo
516 1485 605 1538 est
654 1479 868 1553 ridens,
912 1481 1117 1538 scilicet
1167 1479 1230 1536 in
1280 1479 1503 1552 regione
1552 1477 1707 1534 Idea—
1895 1482 2188 1538 Caeterum
2231 1483 2289 1536 et
2327 1480 2391 1536 in
2433 1480 2609 1536 altero
2649 1481 2750 1537 illo
2779 1482 2948 1539 modo
2975 1483 3394 1540 demonstrandi

160 1587 262 1625 rum
296 1587 385 1626 seu
426 1575 491 1626 ut
530 1570 701 1626 homo
752 1569 939 1626 ridens
992 1569 1067 1626 sit
1124 1569 1239 1624 Ens
1290 1568 1381 1624 vel
1434 1570 1501 1625 ut
1541 1567 1708 1624 homo
1808 1569 2014 1644 logicas
2059 1571 2282 1643 ronnas,
2325 1567 2429 1624 ubi
2469 1584 2586 1624 non
2627 1585 2730 1641 per
2755 1569 2912 1626 ldeas
2951 1556 3050 1628 sed
3069 1587 3180 1645 per
3205 1587 3395 1628 exem-

162 1659 315 1714 ridens
352 1663 409 1715 et
449 1661 619 1716 bomo
662 1657 849 1714 ridens
892 1657 1005 1713 Ens
1046 1655 1429 1730 aequivaleant
1470 1671 1585 1712 non
1624 1655 1708 1711 ul-
1808 1659 1904 1732 pla
1957 1657 2209 1727 subjecta
2251 1657 2655 1732 progredimur,
2711 1657 3040 1728 refellenda„
3063 1661 3172 1717 erit
3221 1675 3398 1734 prava.

162 1751 245 1818 tra,
281 1763 445 1820 neque
486 1747 719 1820 qnidam
760 1747 929 1802 bomo
956 1751 1039 1802 est
1080 1747 1265 1803 ridens
1290 1744 1559 1818 significat
1584 1748 1709 1800 actu
1808 1747 1906 1803 illa
1947 1746 2362 1819 consequentia:
2418 1745 2602 1802 omnis
2643 1746 2828 1804 ridens
2871 1753 2959 1804 est
3010 1749 3208 1819 homo;
3265 1765 3395 1822 ergo

164 1835 363 1908 aliquem
412 1835 723 1892 hominem*
756 1835 951 1893 ridere.
1060 1835 1243 1892 Verba
1297 1849 1429 1906 ergo
1490 1833 1710 1906 linguae
1809 1834 2036 1909 quidam
2075 1837 2242 1892 bomo
2285 1838 2372 1890 est
2411 1835 2600 1891 ridens
2643 1853 2742 1892 seu
2795 1837 2956 1893 ridet.
3049 1839 3255 1894 Sensus
3307 1841 3396 1893 est

162 1923 382 1996 ambigua
420 1929 571 1998 sunt,
602 1924 1020 1998 ambiguitatem
1061 1939 1196 1980 vero
1232 1921 1479 1980 reductio
1522 1925 1712 1978 nostra
1811 1924 1994 1982 omnis
2036 1924 2222 1982 ridens
2265 1921 2548 1998 possibilis
2592 1929 2680 1981 est
2729 1927 2926 1999 homo,
2983 1943 3116 1998 ergo
3168 1927 3396 2001 quidam

160 2013 292 2068 tollit.
1810 2015 1978 2070 homo
2018 2017 2106 2070 est
2145 2012 2332 2069 ridens
2375 2013 2688 2086 possibilis3
2729 2019 2894 2071 recte.
2969 2015 3130 2072 Hunc
3171 2031 3396 2072 sensum

231 2101 357 2158 Hinc
379 2101 553 2158 etiam
582 2105 736 2175 patet
754 2099 1133 2158 Universalem
1153 2098 1559 2158 Affirmativam
1584 2115 1711 2154 cum
1811 2103 2058 2159 ostendit
2099 2106 2288 2159 nostra
2329 2101 2739 2176 interpretatio,
2795 2119 2940 2177 quae
2983 2105 3396 2162 conversionem

162 2205 240 2244 sua
277 2190 517 2263 opposita
562 2189 627 2246 P.
658 2189 726 2245 N.
772 2194 895 2246 toto
920 2191 1075 2246 coelo
1118 2189 1337 2268 differre
1379 2187 1453 2244 ab
1482 2187 1711 2243 Univer-
1812 2208 1912 2266 per
1951 2191 2204 2248 accidens
2245 2190 2550 2263 legitimam
2593 2191 2788 2248 reddit.
2877 2191 3088 2249 Ridens
3133 2211 3168 2265 9
3208 2194 3396 2250 ridens

162 2278 243 2332 sali
279 2278 536 2352 Negativa
592 2295 720 2334 cum
762 2294 861 2334 sua
903 2277 1184 2351 opposita,
1239 2293 1365 2333 cum
1420 2277 1481 2331 in
1532 2279 1712 2349 poste-
1811 2282 1992 2337 bomo.
2081 2280 2208 2335 Jam
2251 2280 2436 2336 ridens
2481 2298 2518 2352 9
2557 2279 2747 2337 ridens
2791 2281 2920 2337 Ens.
3021 2283 3167 2356 Ergo
3208 2282 3397 2339 ridens
3481 2309 3492 2322 ·

162 2366 361 2422 rioribus
404 2369 519 2424 Ens
552 2371 887 2440 assumatur,
918 2383 1033 2422 non
1062 2367 1125 2421 in
1150 2364 1445 2438 prioribus,
1499 2365 1565 2421 ln
1592 2380 1712 2421 om·

163 2454 299 2510 nibus
336 2461 521 2512 tamen
578 2456 745 2513 tacite
796 2455 1123 2528 assumitur,
1179 2454 1478 2510 terminum
1530 2455 1711 2527 ingre-

161 2543 367 2600 dientem
408 2562 535 2602 esse
582 2545 715 2600 Ens.

230 2631 1233 2703 OmneAestBi.e.AB9A.

1811 2369 1978 2425 bomo
2019 2386 2055 2439 9
2097 2367 2284 2426 ridens
2339 2367 2506 2424 bomo
2561 2369 2706 2442 Ens,
2761 2369 2859 2442 qui
2901 2370 3090 2427 ridens
3132 2389 3168 2442 9
3210 2371 3396 2428 ridens

1899 2547 2050 2602 Haec
2092 2545 2302 2602 faciunt
2343 2560 2434 2600 me
2486 2545 2679 2618 vereri,
2721 2550 2788 2604 ut
2830 2561 2905 2602 ex
2946 2546 3398 2620 interpretatione

1810 2635 2090 2692 inductiva
2133 2636 2266 2692 haec
2305 2638 2452 2689 recte
2493 2634 2755 2690 constitui
2783 2635 3014 2708 possint.
3066 2637 3397 2692 Aristoteies

1810 2724 1933 2798 ipse
1975 2721 2126 2778 viam
2168 2723 2402 2779 idealem
2446 2727 2664 2779 secutus
2691 2723 2927 2799 videtur,
2959 2741 3092 2781 nam
3121 2724 3254 2782 dicit
3279 2725 3398 2781 ani-

1814 2812 1930 2868 mal
1972 2811 2156 2867 inesse
2182 2811 2412 2885 homini,
2459 2827 2661 2885 nempe
2687 2813 2976 2869 notionem
3003 2813 3238 2886 notioni,
3269 2831 3398 2870 cum

163 2899 252 2955 AB
286 2917 392 2958 non
432 2919 467 2973 9
509 2901 629 2959 ΑΒ
672 2901 807 2957 Ens.
1464 2930 1471 2937 ·
1604 2952 1609 2955 .
1816 2901 1958 2959 alias
2011 2899 2199 2975 potius
2250 2899 2504 2957 homines
2546 2900 2722 2957 insint
2763 2901 3111 2959 animalibus.
3201 2903 3399 2961 Videa-

232 2990 499 3056 Quoddam
550 2991 607 3048 A
647 2994 735 3047 est
775 2990 822 3047 B
863 2988 901 3045 i.
944 3004 997 3043 e.
1039 2988 1148 3045 AB
1190 2991 1278 3043 est
1320 2984 1437 3043 Ens
1480 3000 1579 3040 seu
1606 2984 1716 3041 AB
1766 3008 1771 3061 ξ
1816 3006 1944 3046 mus
1987 2992 2175 3045 tamen
2217 2988 2350 3061 quid
2393 3006 2469 3046 ex
2508 2990 2796 3047 collectiva
2821 2990 3244 3050 ratiocinatione
3271 2993 3398 3049 duci

168 3094 197 3145 9
226 3080 315 3135 AB
356 3081 485 3136 Ens.
1816 3076 2014 3153 possit.
2089 3078 2413 3135 Barbara.
2487 3080 2696 3135 Omnes
2726 3080 2976 3136 homines
3005 3085 3136 3137 sunt
3176 3080 3238 3138 in
3281 3081 3398 3137 ani-

236 3168 311 3224 Ex
346 3170 429 3225 his
472 3172 635 3243 patet
676 3167 737 3223 in
776 3164 936 3223 ‘omni
976 3163 1359 3239 propositione
1386 3160 1717 3219 affirmativa
1766 3229 1769 3238 Ι
1816 3165 2074 3224 malibus.
2149 3168 2354 3223 Omnes
2383 3167 2587 3224 milites
2616 3172 2749 3224 sunt
2775 3168 2836 3224 in
2863 3168 3196 3225 hominibus.
3249 3170 3396 3245 Ergo

169 3257 501 3326 medicatum
544 3272 675 3313 esse
701 3254 1058 3329 particularet,
1100 3252 1199 3309 sed
1240 3267 1358 3309 non
1400 3268 1577 3325 aeque
1618 3266 1715 3325 pa-
1765 3251 1770 3311 Ι
1816 3272 2012 3313 omnes
2055 3254 2260 3313 milites
2314 3261 2444 3312 sunt
2497 3256 2558 3312 in
2607 3256 2958 3313 animalibus.
3045 3258 3396 3316 Celarent.

170 3347 237 3397 tet
266 3345 321 3401 in
358 3346 509 3402 omni
551 3344 815 3419 negativa
851 3342 1227 3418 praedieamm
1254 3359 1377 3399 esse
1402 3340 1715 3397 universale
1732 3321 1769 3463 ,ἰ
1816 3348 2026 3403 Omnes
2069 3345 2320 3402 homines
2364 3350 2495 3403 sunt
2539 3350 2700 3403 extra
2739 3346 2969 3419 lapides.
3043 3348 3253 3404 Omnes
3295 3346 3399 3403 mi-

171 3448 249 3488 seu
284 3435 557 3492 removeri.
660 3434 1009 3491 Generaliter
1060 3448 1357 3505 agnoscere
1408 3431 1714 3505 poterimus
1817 3435 1945 3491 lites
2001 3438 2132 3491 sunt
2183 3434 2242 3490 in
2300 3434 2635 3493 bominibus
2741 3436 2888 3509 Engo
2913 3452 3135 3493 ·omnes
3187 3436 3397 3493 milites

170 3536 229 3574 an
274 3524 523 3580 terminus
580 3524 639 3580 A
694 3520 785 3579 vel
838 3522 885 3578 B
946 3521 1021 3577 sit
1070 3520 1419 3577 miiversalis.
1509 3521 1569 3577 Si
1610 3536 1713 3592 pro
1761 3541 1767 3620 Ι
1816 3530 1949 3581 sunt
1989 3528 2152 3579 extra
2179 3524 2410 3596 lapides.
2479 3524 2690 3581 Darii.
2752 3524 2960 3581 Omnes
2989 3526 3240 3582 homines
3269 3528 3400 3581 sunt

170 3611 215 3664 A
246 3613 323 3668 vel
359 3614 403 3668 B
444 3612 714 3670 substitui
768 3614 953 3684 potest
992 3599 1081 3673 V
1123 3611 1179 3664 A
1231 3609 1323 3665 vel
1367 3598 1467 3671 -ll
1512 3608 1559 3665 B
1612 3606 1715 3663 ubi
1761 3627 1767 3728 Ι
1812 3614 1876 3669 in
1916 3609 2268 3668 animalibus
2355 3612 2597 3677 Quidam
2637 3612 3004 3685 intelligentes
3036 3619 3168 3671 sunt
3210 3614 3274 3670 in
3300 3616 3399 3672 bo·

172 3690 243 3757 V
289 3705 457 3775 potest
522 3718 653 3758 esse
721 3700 1087 3773 quodcunque
1148 3714 1275 3753 cum
1341 3698 1387 3753 B
1446 3695 1715 3769 compati·
1762 3733 1767 3757 .
1814 3700 2078 3759 minibus.
2143 3700 2288 3773 Ergo
2329 3699 2554 3772 quidam
2594 3699 2963 3773 intelligentes
3007 3706 3138 3759 sunt
3177 3702 3239 3757 in
3281 3702 3401 3758 ani-

170 3783 269 3840 bile
310 3791 445 3848 velut
496 3792 545 3847 C
601 3790 649 3846 F
699 3795 801 3845 etc.
907 3788 1036 3843 Jam
1100 3802 1175 3842 ex
1240 3786 1350 3842 AB
1404 3803 1439 3857 9
1492 3788 1547 3843 A
1598 3800 1714 3841 non
1762 3773 1768 3836 ῗ
1815 3788 2073 3847 malibus.
2137 3787 2356 3843 Ferio.
2420 3787 2629 3843 Omnes
2671 3788 2920 3845 homines
2950 3796 3082 3847 sunt
3121 3794 3280 3845 extra
3321 3790 3400 3847 la·

173 3872 287 3929 licet
327 3878 513 3938 inferre
570 3880 630 3936 A
681 3868 769 3942 V
817 3877 865 3934 B
916 3895 952 3948 9
1008 3876 1065 3931 A
1120 3876 1251 3931 licet
1305 3874 1457 3929 enim
1503 3875 1549 3932 B
1586 3890 1717 3931 con·
1764 3929 1769 3948 ‚
1814 3878 1989 3953 pides.
2075 3875 2360 3940 Quaedam
2401 3876 2744 3933 substantiae
2785 3882 2917 3933 sunt
2957 3878 3018 3933 in
3059 3877 3397 3937 hominibuS.

178 3961 377 4024 tineatur
412 3969 471 4025 in
514 3970 575 4026 A
616 3983 735 4023 non
774 3967 903 4023 ideo
932 3955 1021 4029 V
1052 3964 1100 4021 B
1138 3963 1513 4022 continebitur
1552 3964 1613 4019 in
1640 3964 1714 4019 A.
1764 4007 1771 4030 ,
1814 3967 1962 4041 Ergo
2013 3964 2286 4037 quaedam
2350 3963 2694 4020 substantiae
2761 3970 2894 4021 sunt
2958 3972 3119 4023 extra
3170 3966 3399 4041 lapides.

174 4050 396 4113 Simffioer
434 4056 696 4133 prone
748 4073 784 4126 ρ
824 4055 925 4111 AB
970 4054 1083 4110 Ens
1126 4068 1245 4109 non
1275 4054 1510 4111 infertur
1552 4040 1719 4116 AV
1765 4035 1771 4104 ἱ
1818 4057 1897 4112 ln
1940 4053 2252 4127 Dan-apti.
2318 4050 2513 4108 Omnis
2555 4054 2723 4109 homo
2766 4053 3211 4130 estintenigens.
3267 4056 3401 4112 om-

170 4138 209 4193 B
244 4159 273 4211 9
309 4146 358 4199 A
399 4138 486 4209 V
529 4148 581 4204 B
623 4145 757 4201 Ens.
830 4143 953 4199 Etsi
996 4143 1149 4200 enim
1178 4132 1266 4205 V
1293 4144 1340 4201 B
1384 4142 1460 4199 sit
1491 4142 1605 4197 Ens
1644 4158 1719 4197 ex
1766 4133 1771 4154 “
1819 4144 1908 4201 nis
1950 4143 2121 4200 bomo
2163 4145 2251 4198 est
2290 4140 2514 4198 animal.
2579 4142 2728 4215 Ergo
2757 4144 3036 4215 quoddam
3077 4144 3286 4201 animal
3315 4150 3401 4202 est

170 4228 439 4308 hypothesi,
482 4250 607 4291 non
634 4234 764 4291 ideo
790 4232 1038 4305 sequitur
1064 4232 1119 4288 A
1149 4221 1237 4297 V
1266 4249 1389 4288 esse
1431 4248 1548 4287 ens.
1612 4231 1723 4287 lta-
1767 4237 1772 4346 l
1820 4232 2152 4305 intelligens,
2198 4231 2804 4304 Interpretatione
2833 4232 3230 4289 collectiva.
3271 4236 3404 4292 Om-

170 4330 259 4388 que
295 4321 413 4379 hinc
450 4326 612 4396 patet
652 4322 1027 4397 praedicatum
1054 4320 1449 4395 propositionis
1484 4321 1721 4375 affirma·
1819 4338 1920 4379 nes
1964 4322 2214 4377 homines
2259 4324 2391 4376 sunt
2432 4320 2493 4376 in
2535 4319 2990 4393 intelligentibus,
3057 4322 3266 4378 Omnes
3307 4325 3404 4381 ho-

172 4404 295 4463 tivae
332 4426 443 4467 non
486 4428 615 4467 esse
657 4410 985 4497 universale.
1074 4411 1445 4466 Ostendemus
1490 4408 1605 4478 jam
1648 4408 1723 4495 si:
1767 4379 1773 4510 ι
1820 4411 2002 4467 mines
2047 4414 2178 4466 sunt
2229 4409 2292 4463 in
2334 4408 2685 4465 animalibus.
2772 4410 2919 4484 Ergo
2973 4412 3245 4484 quaedam
3287 4413 3404 4469 ani'-

171 4494 273 4551 mili
311 4502 565 4558 methodo
608 4499 982 4573 praedicatum
1014 4498 1411 4572 propositionis
1434 4498 1721 4569 negativae
1768 4533 1773 4566 ,
1820 4499 1992 4556 malie
2043 4503 2174 4555 sunt
2227 4497 2288 4555 in
2341 4496 2793 4573 intelligentibus.
2869 4500 3290 4557 Transferamus
3331 4501 3405 4558 ad

172 4598 275 4639 esse
301 4590 623 4646 universale.
700 4589 915 4662 Nempe
958 4586 1007 4642 si
1050 4587 1160 4644 AB
1200 4603 1317 4643 non
1361 4603 1394 4658 9
1414 4614 1417 4617 ⁴
1438 4589 1509 4659 A,
1553 4586 1722 4642 etiam
1768 4614 1774 4640 ι
1820 4590 1968 4645 hunc
2018 4586 2438 4661 Syllogismum,
2493 4602 2605 4659 quo
2661 4588 2948 4645 conversio
3003 4606 3104 4662 per
3149 4590 3404 4647 accidens

170 4672 214 4726 Α
244 4667 321 4735 V
352 4678 397 4733 B
438 4694 551 4735 non
596 4694 631 4749 9
678 4680 721 4737 Α
771 4678 891 4733 sive
932 4676 1084 4733 enim
1116 4667 1202 4740 V
1235 4676 1280 4733 B
1323 4674 1399 4731 sit
1438 4692 1477 4746 9
1518 4674 1581 4747 B,
1627 4679 1725 4730 aut
1820 4678 2257 4734 demonstratum
2331 4675 2514 4732 omnis
2587 4676 2775 4733 ridens
2840 4680 2926 4733 est
2999 4677 3185 4734 ridens
3201 4718 3219 4753 ‚
3287 4696 3406 4735 om·

172 4760 215 4814 A
254 4754 335 4825 V
375 4782 409 4837 9
451 4768 497 4823 B
550 4768 669 4823 sive
724 4782 868 4840 non,
910 4781 1001 4823 res
1041 4764 1317 4839 procedit,
1361 4780 1496 4820 nam
1540 4763 1590 4819 si
1635 4753 1722 4827 V
1822 4766 1912 4821 nis
1975 4764 2161 4821 ridens
2217 4769 2305 4820 est
2365 4765 2561 4839 homo,
2627 4780 2759 4839 ergo
2819 4766 3048 4839 quidam
3099 4768 3266 4823 homo
3319 4771 3406 4823 est

170 4846 209 4901 B
244 4868 276 4921 9
302 4853 363 4927 B,
405 4858 494 4913 vel
536 4856 593 4911 A
636 4844 725 4919 V
754 4874 789 4928 9
826 4857 881 4912 A
923 4854 1188 4911 substitui
1228 4856 1493 4928 poterunt
1531 4868 1635 4927 pro
1678 4852 1724 4907 Β
1822 4854 2029 4928 ridens,
2081 4854 2520 4927 interpretando:
2583 4870 2776 4911 omnes
2839 4854 3084 4912 ridentes
3150 4861 3282 4913 sunt
3343 4856 3404 4911 in

172 4938 246 4993 Vel
283 4958 381 5015 pro
431 4945 501 5001 A.
600 4944 659 5000 Si
708 4960 845 5003 vero
894 4958 1013 5001 non
1054 4942 1491 5017 aequipolleant,
1546 4941 1724 4998 multo
1818 4942 2132 5000 ridentibus
2146 4984 2162 5015 ,
2216 4958 2409 4999 omnes
2459 4940 2700 4999 ridentes
2752 4947 2885 5000 sunt
2947 4944 3009 5000 in
3059 4944 3400 5015 bominibus,

174 5029 325 5102 magis
364 5034 418 5090 A
462 5024 553 5096 V
594 5032 641 5089 B
683 5038 741 5089 et
780 5034 835 5089 A
878 5048 993 5090 non
1034 5031 1501 5105 aequipollebunt.
1569 5030 1725 5087 Idem
1824 5048 1958 5105 ergo
1999 5032 2229 5104 quidam
2269 5031 2520 5088 homines
2564 5036 2696 5088 sunt
2745 5032 2808 5088 in
2863 5030 3190 5091 ridentibus.
3298 5032 3404 5089 Sed

176 5122 248 5171 εει
292 5118 351 5175 in
403 5122 514 5177 AB
568 5138 680 5179 non
732 5140 767 5194 9
810 5122 919 5179 AB
960 5122 1093 5179 Ens.
1822 5120 1959 5195 quid
2012 5121 2063 5178 si
2104 5136 2296 5177 revera
2347 5118 2534 5176 nullus
2575 5119 2742 5177 homo
2794 5120 3006 5177 rideat?
3081 5119 3222 5177 Dico
3263 5120 3405 5179 inne

196 5282 207 5294 ³
246 5204 495 5283 Superest
544 5214 609 5266 ut
656 5212 1095 5269 demonstremus
1161 5208 1472 5281 subiectum
1522 5208 1725 5267 babere
1824 5208 2288 5284 propositionem,
2355 5222 2550 5266 omnes
2613 5208 2855 5266 ridentes
2921 5208 3052 5263 sunt
3111 5208 3174 5263 in
3229 5210 3405 5267 homi-

230 2718 1636 2791 QuoddamAnonestBi.eABnon9A.

229 2809 437 2868 Nullum
476 2814 541 2870 A
586 2815 673 2867 est
713 2812 776 2868 Β.
818 2811 857 2866 i.
902 2827 949 2865 e.
999 2809 1107 2867 AB
1148 2823 1269 2867 non
1322 2811 1411 2864 est
1454 2808 1569 2864 Ens
1614 2821 1714 2862 seu
