<?xml version="1.0" encoding="UTF-8"?>
<!DOCTYPE html PUBLIC "-//W3C//DTD XHTML 1.0 Transitional//EN"
    "http://www.w3.org/TR/xhtml1/DTD/xhtml1-transitional.dtd">
<html xmlns="http://www.w3.org/1999/xhtml" xml:lang="en" lang="en">
 <head>
  <title>
</title>
<meta http-equiv="Content-Type" content="text/html;charset=utf-8" />
  <meta name='ocr-system' content='tesseract 3.04.00' />
  <meta name='ocr-capabilities' content='ocr_page ocr_carea ocr_par ocr_line ocrx_word'/>
</head>
<body>
  <div class='ocr_page' id='page_1' title='image "./godguilleibniti00erdmgoog_0189.png"; bbox 0 0 3717 5850; ppageno 0'>
   <div class='ocr_carea' id='block_1_1' title="bbox 1552 422 1970 673">
    <p class='ocr_par' dir='ltr' id='par_1_1' title="bbox 1552 422 1970 673">
     <span class='ocr_line' id='line_1_1' title="bbox 1552 422 1970 542; baseline 0.022 -32"><span class='ocrx_word' id='word_1_1' title='bbox 1552 422 1849 511; x_wconf 81' lang='lat' dir='ltr'>XLVJ</span> <span class='ocrx_word' id='word_1_2' title='bbox 1857 422 1970 542; x_wconf 81' lang='lat'><strong>11.-</strong></span> 
     </span>
     <span class='ocr_line' id='line_1_2' title="bbox 1665 601 1829 673; baseline 0 0"><span class='ocrx_word' id='word_1_3' title='bbox 1665 601 1737 673; x_wconf 84' lang='lat' dir='ltr'>D</span> <span class='ocrx_word' id='word_1_4' title='bbox 1762 602 1829 673; x_wconf 92' lang='lat' dir='ltr'>E</span> 
     </span>
    </p>
   </div>
   <div class='ocr_carea' id='block_1_2' title="bbox 350 767 3118 896">
    <p class='ocr_par' dir='ltr' id='par_1_2' title="bbox 350 767 3118 896">
     <span class='ocr_line' id='line_1_3' title="bbox 350 767 3118 896; baseline 0.004 -10"><span class='ocrx_word' id='word_1_5' title='bbox 350 767 938 889; x_wconf 88' lang='lat' dir='ltr'>RERUM</span> <span class='ocrx_word' id='word_1_6' title='bbox 1062 768 2208 892; x_wconf 79' lang='lat' dir='ltr'><strong>ORIGINATIONE</strong></span> <span class='ocrx_word' id='word_1_7' title='bbox 2336 769 3118 896; x_wconf 86' lang='lat' dir='ltr'><strong>RADICALI.</strong></span> 
     </span>
    </p>
   </div>
   <div class='ocr_carea' id='block_1_3' title="bbox 1473 1080 2011 1176">
    <p class='ocr_par' dir='ltr' id='par_1_3' title="bbox 1473 1080 2011 1176">
     <span class='ocr_line' id='line_1_4' title="bbox 1473 1080 2011 1176; baseline -0.002 -9"><span class='ocrx_word' id='word_1_8' title='bbox 1473 1080 2011 1176; x_wconf 81' lang='lat'><strong>1697.</strong></span> 
     </span>
    </p>
   </div>
   <div class='ocr_carea' id='block_1_4' title="bbox 1590 1264 1675 1271">
    <p class='ocr_par' dir='ltr' id='par_1_4' title="bbox 1590 1264 1675 1271">
     <span class='ocr_line' id='line_1_5' title="bbox 1590 1264 1675 1271; baseline -0.024 0"><span class='ocrx_word' id='word_1_9' title='bbox 1590 1264 1675 1271; x_wconf 50' lang='grc' dir='ltr'>..ιω-</span> 
     </span>
    </p>
   </div>
   <div class='ocr_carea' id='block_1_5' title="bbox 1678 1264 1899 1271">
    <p class='ocr_par' dir='ltr' id='par_1_5' title="bbox 1678 1264 1899 1271">
     <span class='ocr_line' id='line_1_6' title="bbox 1678 1264 1899 1271; baseline 0 4579"><span class='ocrx_word' id='word_1_10' title='bbox 1678 1264 1899 1271; x_wconf 95' lang='lat' dir='ltr'><strong> </strong></span> 
     </span>
    </p>
   </div>
   <div class='ocr_carea' id='block_1_6' title="bbox 436 1342 3056 1411">
    <p class='ocr_par' dir='ltr' id='par_1_6' title="bbox 436 1342 3056 1411">
     <span class='ocr_line' id='line_1_7' title="bbox 436 1342 3056 1411; baseline 0.002 -20"><span class='ocrx_word' id='word_1_11' title='bbox 436 1342 865 1401; x_wconf 64' lang='lat' dir='ltr'><strong>(autographum</strong></span> <span class='ocrx_word' id='word_1_12' title='bbox 902 1346 1199 1393; x_wconf 53' lang='lat' dir='ltr'><strong>{leibnitii</strong></span> <span class='ocrx_word' id='word_1_13' title='bbox 1236 1348 1451 1393; x_wconf 80' lang='lat' dir='ltr'><strong>nondum</strong></span> <span class='ocrx_word' id='word_1_14' title='bbox 1496 1347 1700 1408; x_wconf 74' lang='lat' dir='ltr'><strong>editum3</strong></span> <span class='ocrx_word' id='word_1_15' title='bbox 1739 1361 1768 1393; x_wconf 87' lang='lat' dir='ltr'><strong>e</strong></span> <span class='ocrx_word' id='word_1_16' title='bbox 1803 1348 2002 1395; x_wconf 79' lang='lat' dir='ltr'><strong>seriniis</strong></span> <span class='ocrx_word' id='word_1_17' title='bbox 2038 1347 2374 1395; x_wconf 72' lang='lat' dir='ltr'><strong>Bibliothecae</strong></span> <span class='ocrx_word' id='word_1_18' title='bbox 2409 1348 2600 1404; x_wconf 74' lang='lat' dir='ltr'><strong>Regiae</strong></span> <span class='ocrx_word' id='word_1_19' title='bbox 2635 1345 3056 1411; x_wconf 76' lang='lat' dir='ltr'><strong>Hanoveranae.)</strong></span> 
     </span>
    </p>
   </div>
   <div class='ocr_carea' id='block_1_7' title="bbox 1533 1484 1630 1491">
    <p class='ocr_par' dir='ltr' id='par_1_7' title="bbox 1533 1484 1630 1491">
     <span class='ocr_line' id='line_1_8' title="bbox 1533 1484 1630 1491; baseline -0.01 0"><span class='ocrx_word' id='word_1_20' title='bbox 1533 1484 1630 1491; x_wconf 61' lang='lat'>-.——-</span> 
     </span>
    </p>
   </div>
   <div class='ocr_carea' id='block_1_8' title="bbox 109 1582 1690 5216">
    <p class='ocr_par' dir='ltr' id='par_1_8' title="bbox 109 1582 1690 5216">
     <span class='ocr_line' id='line_1_9' title="bbox 184 1582 1689 1658; baseline 0.002 -20"><span class='ocrx_word' id='word_1_21' title='bbox 184 1582 414 1639; x_wconf 77' lang='lat' dir='ltr'><strong>Praeter</strong></span> <span class='ocrx_word' id='word_1_22' title='bbox 473 1584 799 1641; x_wconf 85' lang='lat' dir='ltr'><strong>Mundum</strong></span> <span class='ocrx_word' id='word_1_23' title='bbox 842 1601 939 1643; x_wconf 88' lang='lat' dir='ltr'><strong>seu</strong></span> <span class='ocrx_word' id='word_1_24' title='bbox 992 1584 1463 1658; x_wconf 83' lang='lat' dir='ltr'><strong>Aggregatum</strong></span> <span class='ocrx_word' id='word_1_25' title='bbox 1504 1600 1689 1641; x_wconf 88' lang='lat' dir='ltr'><strong>rerum</strong></span> 
     </span>
     <span class='ocr_line' id='line_1_10' title="bbox 110 1671 1689 1747; baseline 0.001 -20"><span class='ocrx_word' id='word_1_26' title='bbox 110 1671 393 1742; x_wconf 64' lang='lat' dir='ltr'><strong>animum,</strong></span> <span class='ocrx_word' id='word_1_27' title='bbox 448 1672 617 1729; x_wconf 80' lang='lat' dir='ltr'><strong>datur</strong></span> <span class='ocrx_word' id='word_1_28' title='bbox 658 1674 847 1729; x_wconf 88' lang='lat' dir='ltr'><strong>Unum</strong></span> <span class='ocrx_word' id='word_1_29' title='bbox 896 1673 1123 1746; x_wconf 79' lang='lat' dir='ltr'>aliquod</span> <span class='ocrx_word' id='word_1_30' title='bbox 1150 1674 1541 1747; x_wconf 88' lang='lat' dir='ltr'><strong>dominans,</strong></span> <span class='ocrx_word' id='word_1_31' title='bbox 1570 1689 1689 1730; x_wconf 90' lang='lat' dir='ltr'><strong>non</strong></span> 
     </span>
     <span class='ocr_line' id='line_1_11' title="bbox 110 1760 1689 1835; baseline 0.003 -21"><span class='ocrx_word' id='word_1_32' title='bbox 110 1764 307 1815; x_wconf 76' lang='lat' dir='ltr'><strong>tantum</strong></span> <span class='ocrx_word' id='word_1_33' title='bbox 330 1763 397 1815; x_wconf 86' lang='grc' dir='ltr'><strong>ιιι</strong></span> <span class='ocrx_word' id='word_1_34' title='bbox 418 1760 487 1816; x_wconf 89' lang='lat' dir='ltr'><strong>in</strong></span> <span class='ocrx_word' id='word_1_35' title='bbox 508 1778 599 1819; x_wconf 90' lang='lat' dir='ltr'><strong>me</strong></span> <span class='ocrx_word' id='word_1_36' title='bbox 616 1762 823 1835; x_wconf 87' lang='lat' dir='ltr'><strong>anima,</strong></span> <span class='ocrx_word' id='word_1_37' title='bbox 836 1763 926 1819; x_wconf 88' lang='lat' dir='ltr'><strong>vel</strong></span> <span class='ocrx_word' id='word_1_38' title='bbox 944 1762 1129 1835; x_wconf 87' lang='lat' dir='ltr'><strong>potius</strong></span> <span class='ocrx_word' id='word_1_39' title='bbox 1152 1767 1215 1819; x_wconf 90' lang='lat' dir='ltr'><strong>ut</strong></span> <span class='ocrx_word' id='word_1_40' title='bbox 1236 1762 1295 1819; x_wconf 90' lang='lat' dir='ltr'><strong>in</strong></span> <span class='ocrx_word' id='word_1_41' title='bbox 1318 1780 1441 1821; x_wconf 89' lang='lat' dir='ltr'><strong>meo</strong></span> <span class='ocrx_word' id='word_1_42' title='bbox 1461 1778 1689 1835; x_wconf 85' lang='lat' dir='ltr'><strong>corpore</strong></span> 
     </span>
     <span class='ocr_line' id='line_1_12' title="bbox 111 1850 1689 1923; baseline 0.003 -19"><span class='ocrx_word' id='word_1_43' title='bbox 111 1850 271 1922; x_wconf 80' lang='lat' dir='ltr'><strong>ipsum</strong></span> <span class='ocrx_word' id='word_1_44' title='bbox 295 1866 429 1923; x_wconf 84' lang='lat' dir='ltr'><strong>ego,</strong></span> <span class='ocrx_word' id='word_1_45' title='bbox 464 1852 563 1907; x_wconf 86' lang='lat' dir='ltr'><strong>sed</strong></span> <span class='ocrx_word' id='word_1_46' title='bbox 590 1852 759 1907; x_wconf 88' lang='lat' dir='ltr'><strong>etiam</strong></span> <span class='ocrx_word' id='word_1_47' title='bbox 786 1851 1001 1909; x_wconf 86' lang='lat' dir='ltr'><strong>ratione</strong></span> <span class='ocrx_word' id='word_1_48' title='bbox 1030 1852 1207 1909; x_wconf 88' lang='lat' dir='ltr'><strong>multo</strong></span> <span class='ocrx_word' id='word_1_49' title='bbox 1234 1853 1447 1909; x_wconf 80' lang='lat' dir='ltr'><strong>altiore.</strong></span> <span class='ocrx_word' id='word_1_50' title='bbox 1501 1852 1689 1909; x_wconf 88' lang='lat' dir='ltr'><strong>Unum</strong></span> 
     </span>
     <span class='ocr_line' id='line_1_13' title="bbox 112 1938 1690 2014; baseline 0.003 -21"><span class='ocrx_word' id='word_1_51' title='bbox 112 1938 238 1993; x_wconf 85' lang='lat' dir='ltr'><strong>enim</strong></span> <span class='ocrx_word' id='word_1_52' title='bbox 266 1938 573 1995; x_wconf 86' lang='lat' dir='ltr'><strong>dominans</strong></span> <span class='ocrx_word' id='word_1_53' title='bbox 600 1940 843 1997; x_wconf 89' lang='lat' dir='ltr'><strong>universi</strong></span> <span class='ocrx_word' id='word_1_54' title='bbox 868 1956 985 1997; x_wconf 85' lang='lat' dir='ltr'><strong>non</strong></span> <span class='ocrx_word' id='word_1_55' title='bbox 1012 1943 1229 1997; x_wconf 85' lang='lat' dir='ltr'><strong>tantum</strong></span> <span class='ocrx_word' id='word_1_56' title='bbox 1255 1941 1397 2014; x_wconf 83' lang='lat' dir='ltr'><strong>regit</strong></span> <span class='ocrx_word' id='word_1_57' title='bbox 1422 1940 1690 1997; x_wconf 87' lang='lat' dir='ltr'><strong>mundum</strong></span> 
     </span>
     <span class='ocr_line' id='line_1_14' title="bbox 113 2027 1685 2103; baseline 0.001 -20"><span class='ocrx_word' id='word_1_58' title='bbox 113 2027 195 2083; x_wconf 73' lang='lat' dir='ltr'><strong>sed</strong></span> <span class='ocrx_word' id='word_1_59' title='bbox 227 2030 283 2082; x_wconf 87' lang='lat' dir='ltr'><strong>et</strong></span> <span class='ocrx_word' id='word_1_60' title='bbox 324 2027 575 2085; x_wconf 75' lang='lat' dir='ltr'><strong>fabricat</strong></span> <span class='ocrx_word' id='word_1_61' title='bbox 608 2033 667 2085; x_wconf 91' lang='lat' dir='ltr'><strong>et</strong></span> <span class='ocrx_word' id='word_1_62' title='bbox 707 2029 839 2085; x_wconf 86' lang='lat' dir='ltr'><strong>facit</strong></span> <span class='ocrx_word' id='word_1_63' title='bbox 876 2032 933 2085; x_wconf 92' lang='lat' dir='ltr'><strong>et</strong></span> <span class='ocrx_word' id='word_1_64' title='bbox 960 2030 1169 2086; x_wconf 89' lang='lat' dir='ltr'><strong>mundo</strong></span> <span class='ocrx_word' id='word_1_65' title='bbox 1206 2034 1292 2087; x_wconf 87' lang='lat' dir='ltr'><strong>est</strong></span> <span class='ocrx_word' id='word_1_66' title='bbox 1318 2029 1567 2103; x_wconf 87' lang='lat' dir='ltr'><strong>superius</strong></span> <span class='ocrx_word' id='word_1_67' title='bbox 1610 2032 1685 2103; x_wconf 90' lang='lat' dir='ltr'><strong>et,</strong></span> 
     </span>
     <span class='ocr_line' id='line_1_15' title="bbox 112 2116 1690 2191; baseline 0.004 -22"><span class='ocrx_word' id='word_1_68' title='bbox 112 2122 163 2169; x_wconf 86' lang='lat' dir='ltr'><strong>ut</strong></span> <span class='ocrx_word' id='word_1_69' title='bbox 186 2116 260 2169; x_wconf 82' lang='lat' dir='ltr'><strong>ita</strong></span> <span class='ocrx_word' id='word_1_70' title='bbox 287 2116 513 2190; x_wconf 81' lang='lat' dir='ltr'><strong>dicam,</strong></span> <span class='ocrx_word' id='word_1_71' title='bbox 556 2116 1079 2187; x_wconf 77' lang='lat' dir='ltr'><strong>extramundanum,</strong></span> <span class='ocrx_word' id='word_1_72' title='bbox 1110 2122 1299 2191; x_wconf 88' lang='lat' dir='ltr'><strong>estque</strong></span> <span class='ocrx_word' id='word_1_73' title='bbox 1324 2119 1465 2175; x_wconf 88' lang='lat' dir='ltr'><strong>adeo</strong></span> <span class='ocrx_word' id='word_1_74' title='bbox 1493 2118 1690 2175; x_wconf 85' lang='lat' dir='ltr'><strong>ultima</strong></span> 
     </span>
     <span class='ocr_line' id='line_1_16' title="bbox 109 2203 1687 2279; baseline 0.003 -20"><span class='ocrx_word' id='word_1_75' title='bbox 109 2203 235 2260; x_wconf 80' lang='lat' dir='ltr'><strong>ratio</strong></span> <span class='ocrx_word' id='word_1_76' title='bbox 258 2222 471 2261; x_wconf 86' lang='lat' dir='ltr'><strong>rerum.</strong></span> <span class='ocrx_word' id='word_1_77' title='bbox 516 2206 663 2261; x_wconf 89' lang='lat' dir='ltr'><strong>Nam</strong></span> <span class='ocrx_word' id='word_1_78' title='bbox 688 2223 804 2263; x_wconf 89' lang='lat' dir='ltr'><strong>non</strong></span> <span class='ocrx_word' id='word_1_79' title='bbox 831 2210 1049 2263; x_wconf 78' lang='lat' dir='ltr'><strong>tantum</strong></span> <span class='ocrx_word' id='word_1_80' title='bbox 1068 2207 1129 2263; x_wconf 87' lang='lat' dir='ltr'><strong>in</strong></span> <span class='ocrx_word' id='word_1_81' title='bbox 1156 2208 1311 2264; x_wconf 91' lang='lat' dir='ltr'><strong>nullo</strong></span> <span class='ocrx_word' id='word_1_82' title='bbox 1330 2206 1687 2279; x_wconf 82' lang='lat' dir='ltr'><strong>singulorum,</strong></span> 
     </span>
     <span class='ocr_line' id='line_1_17' title="bbox 114 2294 1688 2369; baseline 0.001 -20"><span class='ocrx_word' id='word_1_83' title='bbox 114 2294 195 2349; x_wconf 80' lang='lat' dir='ltr'><strong>scd</strong></span> <span class='ocrx_word' id='word_1_84' title='bbox 232 2310 331 2349; x_wconf 86' lang='lat' dir='ltr'><strong>nee</strong></span> <span class='ocrx_word' id='word_1_85' title='bbox 368 2294 445 2351; x_wconf 85' lang='lat' dir='ltr'><strong>in</strong></span> <span class='ocrx_word' id='word_1_86' title='bbox 472 2298 593 2351; x_wconf 89' lang='lat' dir='ltr'><strong>toto</strong></span> <span class='ocrx_word' id='word_1_87' title='bbox 622 2299 913 2369; x_wconf 80' lang='lat' dir='ltr'><strong>aggregato</strong></span> <span class='ocrx_word' id='word_1_88' title='bbox 948 2295 1192 2368; x_wconf 88' lang='lat' dir='ltr'><strong>serieque</strong></span> <span class='ocrx_word' id='word_1_89' title='bbox 1230 2312 1415 2353; x_wconf 89' lang='lat' dir='ltr'><strong>rerum</strong></span> <span class='ocrx_word' id='word_1_90' title='bbox 1452 2294 1688 2353; x_wconf 89' lang='lat' dir='ltr'><strong>inveniri</strong></span> 
     </span>
     <span class='ocr_line' id='line_1_18' title="bbox 112 2383 1687 2458; baseline 0.003 -21"><span class='ocrx_word' id='word_1_91' title='bbox 112 2386 271 2455; x_wconf 80' lang='lat' dir='ltr'><strong>potest</strong></span> <span class='ocrx_word' id='word_1_92' title='bbox 296 2384 585 2441; x_wconf 80' lang='lat' dir='ltr'><strong>sufficiens</strong></span> <span class='ocrx_word' id='word_1_93' title='bbox 614 2384 759 2441; x_wconf 84' lang='lat' dir='ltr'><strong>ratio</strong></span> <span class='ocrx_word' id='word_1_94' title='bbox 788 2383 1077 2441; x_wconf 83' lang='lat' dir='ltr'><strong>existendi.</strong></span> <span class='ocrx_word' id='word_1_95' title='bbox 1120 2384 1417 2458; x_wconf 83' lang='lat' dir='ltr'><strong>Fingamus</strong></span> <span class='ocrx_word' id='word_1_96' title='bbox 1436 2385 1687 2441; x_wconf 88' lang='lat' dir='ltr'><strong>Elemen-</strong></span> 
     </span>
     <span class='ocr_line' id='line_1_19' title="bbox 116 2472 1685 2548; baseline 0.002 -22"><span class='ocrx_word' id='word_1_97' title='bbox 116 2476 273 2527; x_wconf 80' lang='lat' dir='ltr'><strong>tomm</strong></span> <span class='ocrx_word' id='word_1_98' title='bbox 300 2472 765 2545; x_wconf 79' lang='lat' dir='ltr'><strong>geometricomm</strong></span> <span class='ocrx_word' id='word_1_99' title='bbox 792 2473 995 2530; x_wconf 88' lang='lat' dir='ltr'><strong>librum</strong></span> <span class='ocrx_word' id='word_1_100' title='bbox 1024 2472 1191 2531; x_wconf 83' lang='lat' dir='ltr'><strong>fuisse</strong></span> <span class='ocrx_word' id='word_1_101' title='bbox 1210 2478 1511 2548; x_wconf 84' lang='lat' dir='ltr'><strong>aeternum,</strong></span> <span class='ocrx_word' id='word_1_102' title='bbox 1544 2489 1685 2529; x_wconf 88' lang='lat' dir='ltr'><strong>sem·</strong></span> 
     </span>
     <span class='ocr_line' id='line_1_20' title="bbox 115 2560 1684 2635; baseline 0.001 -20"><span class='ocrx_word' id='word_1_103' title='bbox 115 2577 195 2633; x_wconf 85' lang='lat' dir='ltr'><strong>per</strong></span> <span class='ocrx_word' id='word_1_104' title='bbox 218 2560 391 2617; x_wconf 86' lang='lat' dir='ltr'><strong>alium</strong></span> <span class='ocrx_word' id='word_1_105' title='bbox 426 2577 501 2619; x_wconf 81' lang='lat' dir='ltr'><strong>ex</strong></span> <span class='ocrx_word' id='word_1_106' title='bbox 526 2562 641 2618; x_wconf 86' lang='lat' dir='ltr'><strong>alio</strong></span> <span class='ocrx_word' id='word_1_107' title='bbox 664 2562 1013 2635; x_wconf 77' lang='lat' dir='ltr'><strong>desciiptum,</strong></span> <span class='ocrx_word' id='word_1_108' title='bbox 1044 2566 1211 2635; x_wconf 86' lang='lat' dir='ltr'><strong>patet,</strong></span> <span class='ocrx_word' id='word_1_109' title='bbox 1241 2562 1345 2619; x_wconf 84' lang='lat' dir='ltr'><strong>etsi</strong></span> <span class='ocrx_word' id='word_1_110' title='bbox 1364 2564 1509 2621; x_wconf 88' lang='lat' dir='ltr'><strong>ratio</strong></span> <span class='ocrx_word' id='word_1_111' title='bbox 1528 2562 1684 2619; x_wconf 84' lang='lat' dir='ltr'>reddi</span> 
     </span>
     <span class='ocr_line' id='line_1_21' title="bbox 118 2648 1683 2724; baseline 0.001 -19"><span class='ocrx_word' id='word_1_112' title='bbox 118 2648 269 2721; x_wconf 80' lang='lat' dir='ltr'><strong>possit</strong></span> <span class='ocrx_word' id='word_1_113' title='bbox 320 2650 637 2722; x_wconf 81' lang='lat' dir='ltr'><strong>praesentis</strong></span> <span class='ocrx_word' id='word_1_114' title='bbox 672 2650 803 2707; x_wconf 86' lang='lat' dir='ltr'>libri</span> <span class='ocrx_word' id='word_1_115' title='bbox 840 2667 915 2707; x_wconf 84' lang='lat' dir='ltr'><strong>ex</strong></span> <span class='ocrx_word' id='word_1_116' title='bbox 952 2651 1247 2724; x_wconf 79' lang='lat' dir='ltr'><strong>praeterito</strong></span> <span class='ocrx_word' id='word_1_117' title='bbox 1286 2652 1433 2709; x_wconf 88' lang='lat' dir='ltr'><strong>unde</strong></span> <span class='ocrx_word' id='word_1_118' title='bbox 1468 2655 1553 2707; x_wconf 76' lang='lat' dir='ltr'><strong>est</strong></span> <span class='ocrx_word' id='word_1_119' title='bbox 1590 2652 1683 2707; x_wconf 89' lang='lat' dir='ltr'><strong>de-</strong></span> 
     </span>
     <span class='ocr_line' id='line_1_22' title="bbox 117 2738 1683 2812; baseline 0.001 -19"><span class='ocrx_word' id='word_1_120' title='bbox 117 2738 347 2811; x_wconf 78' lang='lat' dir='ltr'><strong>scriptus,</strong></span> <span class='ocrx_word' id='word_1_121' title='bbox 400 2756 523 2795; x_wconf 80' lang='lat' dir='ltr'><strong>non</strong></span> <span class='ocrx_word' id='word_1_122' title='bbox 546 2744 733 2795; x_wconf 86' lang='lat' dir='ltr'><strong>tamen</strong></span> <span class='ocrx_word' id='word_1_123' title='bbox 760 2755 835 2795; x_wconf 90' lang='lat' dir='ltr'><strong>ex</strong></span> <span class='ocrx_word' id='word_1_124' title='bbox 860 2744 1203 2812; x_wconf 77' lang='lat' dir='ltr'><strong>quotcunque</strong></span> <span class='ocrx_word' id='word_1_125' title='bbox 1226 2740 1387 2797; x_wconf 87' lang='lat' dir='ltr'><strong>libris</strong></span> <span class='ocrx_word' id='word_1_126' title='bbox 1417 2744 1565 2797; x_wconf 88' lang='lat' dir='ltr'><strong>retro</strong></span> <span class='ocrx_word' id='word_1_127' title='bbox 1598 2756 1683 2795; x_wconf 89' lang='lat' dir='ltr'><strong>as-</strong></span> 
     </span>
     <span class='ocr_line' id='line_1_23' title="bbox 122 2826 1681 2902; baseline 0.003 -21"><span class='ocrx_word' id='word_1_128' title='bbox 122 2827 287 2883; x_wconf 72' lang='lat' dir='ltr'><strong>sutis</strong></span> <span class='ocrx_word' id='word_1_129' title='bbox 314 2844 573 2900; x_wconf 84' lang='lat' dir='ltr'><strong>unquam</strong></span> <span class='ocrx_word' id='word_1_130' title='bbox 614 2826 785 2884; x_wconf 86' lang='lat' dir='ltr'><strong>veniri</strong></span> <span class='ocrx_word' id='word_1_131' title='bbox 828 2828 901 2885; x_wconf 84' lang='lat' dir='ltr'><strong>ad</strong></span> <span class='ocrx_word' id='word_1_132' title='bbox 940 2828 1215 2885; x_wconf 77' lang='lat' dir='ltr'><strong>rationem</strong></span> <span class='ocrx_word' id='word_1_133' title='bbox 1254 2829 1501 2902; x_wconf 81' lang='lat' dir='ltr'><strong>plenam3</strong></span> <span class='ocrx_word' id='word_1_134' title='bbox 1555 2845 1681 2885; x_wconf 88' lang='lat' dir='ltr'><strong>cum</strong></span> 
     </span>
     <span class='ocr_line' id='line_1_24' title="bbox 124 2915 1683 2992; baseline 0.001 -20"><span class='ocrx_word' id='word_1_135' title='bbox 124 2932 303 2990; x_wconf 79' lang='lat' dir='ltr'><strong>semper</strong></span> <span class='ocrx_word' id='word_1_136' title='bbox 326 2915 529 2974; x_wconf 88' lang='lat' dir='ltr'><strong>mirari</strong></span> <span class='ocrx_word' id='word_1_137' title='bbox 554 2916 733 2989; x_wconf 78' lang='lat' dir='ltr'><strong>liceat,</strong></span> <span class='ocrx_word' id='word_1_138' title='bbox 762 2935 859 2974; x_wconf 87' lang='lat' dir='ltr'><strong>cur</strong></span> <span class='ocrx_word' id='word_1_139' title='bbox 886 2917 959 2974; x_wconf 88' lang='lat' dir='ltr'><strong>ab</strong></span> <span class='ocrx_word' id='word_1_140' title='bbox 989 2916 1143 2974; x_wconf 90' lang='lat' dir='ltr'><strong>omni</strong></span> <span class='ocrx_word' id='word_1_141' title='bbox 1170 2921 1417 2992; x_wconf 88' lang='lat' dir='ltr'><strong>tempore</strong></span> <span class='ocrx_word' id='word_1_142' title='bbox 1442 2917 1573 2976; x_wconf 86' lang='lat' dir='ltr'>libri</span> <span class='ocrx_word' id='word_1_143' title='bbox 1600 2925 1683 2974; x_wconf 88' lang='lat' dir='ltr'><strong>ta-</strong></span> 
     </span>
     <span class='ocr_line' id='line_1_25' title="bbox 122 3005 1677 3080; baseline 0.001 -20"><span class='ocrx_word' id='word_1_144' title='bbox 122 3005 193 3060; x_wconf 81' lang='lat' dir='ltr'><strong>les</strong></span> <span class='ocrx_word' id='word_1_145' title='bbox 222 3006 528 3079; x_wconf 70' lang='lat' dir='ltr'><strong>extiterint,</strong></span> <span class='ocrx_word' id='word_1_146' title='bbox 568 3023 665 3062; x_wconf 86' lang='lat' dir='ltr'><strong>cur</strong></span> <span class='ocrx_word' id='word_1_147' title='bbox 700 3006 832 3062; x_wconf 90' lang='lat' dir='ltr'>libri</span> <span class='ocrx_word' id='word_1_148' title='bbox 880 3006 1087 3067; x_wconf 85' lang='lat' dir='ltr'><strong>scilicet</strong></span> <span class='ocrx_word' id='word_1_149' title='bbox 1122 3011 1179 3063; x_wconf 88' lang='lat' dir='ltr'><strong>et</strong></span> <span class='ocrx_word' id='word_1_150' title='bbox 1215 3025 1312 3064; x_wconf 82' lang='lat' dir='ltr'><strong>eur</strong></span> <span class='ocrx_word' id='word_1_151' title='bbox 1351 3007 1429 3064; x_wconf 88' lang='lat' dir='ltr'><strong>sic</strong></span> <span class='ocrx_word' id='word_1_152' title='bbox 1456 3006 1677 3080; x_wconf 60' lang='lat' dir='ltr'><strong>scripti}</strong></span> 
     </span>
     <span class='ocr_line' id='line_1_26' title="bbox 123 3094 1683 3168; baseline 0.003 -18"><span class='ocrx_word' id='word_1_153' title='bbox 123 3094 257 3158; x_wconf 84' lang='lat' dir='ltr'><strong>Quod</strong></span> <span class='ocrx_word' id='word_1_154' title='bbox 277 3095 345 3152; x_wconf 86' lang='lat' dir='ltr'><strong>de</strong></span> <span class='ocrx_word' id='word_1_155' title='bbox 372 3095 551 3168; x_wconf 85' lang='lat' dir='ltr'><strong>libris,</strong></span> <span class='ocrx_word' id='word_1_156' title='bbox 580 3095 727 3152; x_wconf 87' lang='lat' dir='ltr'><strong>idem</strong></span> <span class='ocrx_word' id='word_1_157' title='bbox 756 3095 825 3152; x_wconf 87' lang='lat' dir='ltr'><strong>de</strong></span> <span class='ocrx_word' id='word_1_158' title='bbox 852 3096 1047 3152; x_wconf 88' lang='lat' dir='ltr'><strong>mundi</strong></span> <span class='ocrx_word' id='word_1_159' title='bbox 1072 3096 1301 3154; x_wconf 86' lang='lat' dir='ltr'><strong>diversis</strong></span> <span class='ocrx_word' id='word_1_160' title='bbox 1328 3096 1561 3154; x_wconf 85' lang='lat' dir='ltr'><strong>statibus</strong></span> <span class='ocrx_word' id='word_1_161' title='bbox 1592 3113 1683 3154; x_wconf 84' lang='lat' dir='ltr'><strong>ve-</strong></span> 
     </span>
     <span class='ocr_line' id='line_1_27' title="bbox 122 3184 1681 3260; baseline 0.002 -21"><span class='ocrx_word' id='word_1_162' title='bbox 122 3199 223 3239; x_wconf 88' lang='lat' dir='ltr'><strong>rum</strong></span> <span class='ocrx_word' id='word_1_163' title='bbox 246 3189 343 3258; x_wconf 87' lang='lat' dir='ltr'><strong>est,</strong></span> <span class='ocrx_word' id='word_1_164' title='bbox 368 3201 603 3257; x_wconf 87' lang='lat' dir='ltr'><strong>sequens</strong></span> <span class='ocrx_word' id='word_1_165' title='bbox 628 3184 779 3242; x_wconf 89' lang='lat' dir='ltr'><strong>enim</strong></span> <span class='ocrx_word' id='word_1_166' title='bbox 806 3185 1213 3256; x_wconf 74' lang='lat' dir='ltr'><strong>quodammodo</strong></span> <span class='ocrx_word' id='word_1_167' title='bbox 1230 3201 1307 3242; x_wconf 83' lang='lat' dir='ltr'><strong>ex</strong></span> <span class='ocrx_word' id='word_1_168' title='bbox 1326 3186 1681 3260; x_wconf 77' lang='lat' dir='ltr'><strong>praecedente</strong></span> 
     </span>
     <span class='ocr_line' id='line_1_28' title="bbox 124 3271 1679 3348; baseline 0.002 -20"><span class='ocrx_word' id='word_1_169' title='bbox 124 3271 233 3340; x_wconf 69' lang='lat' dir='ltr'><strong>(eei</strong></span> <span class='ocrx_word' id='word_1_170' title='bbox 256 3273 419 3330; x_wconf 81' lang='lat' dir='ltr'><strong>certis</strong></span> <span class='ocrx_word' id='word_1_171' title='bbox 446 3273 699 3330; x_wconf 86' lang='lat' dir='ltr'><strong>mutandi</strong></span> <span class='ocrx_word' id='word_1_172' title='bbox 724 3273 973 3346; x_wconf 79' lang='lat' dir='ltr'><strong>legibus)</strong></span> <span class='ocrx_word' id='word_1_173' title='bbox 1013 3278 1097 3330; x_wconf 65' lang='lat' dir='ltr'><strong>est</strong></span> <span class='ocrx_word' id='word_1_174' title='bbox 1124 3274 1447 3348; x_wconf 73' lang='lat' dir='ltr'><strong>descriptus,</strong></span> <span class='ocrx_word' id='word_1_175' title='bbox 1493 3275 1679 3346; x_wconf 85' lang='lat' dir='ltr'><strong>itaque</strong></span> 
     </span>
     <span class='ocr_line' id='line_1_29' title="bbox 121 3362 1680 3437; baseline 0.001 -21"><span class='ocrx_word' id='word_1_176' title='bbox 121 3367 369 3434; x_wconf 83' lang='lat' dir='ltr'><strong>utcunque</strong></span> <span class='ocrx_word' id='word_1_177' title='bbox 405 3378 679 3434; x_wconf 79' lang='lat' dir='ltr'><strong>regressus</strong></span> <span class='ocrx_word' id='word_1_178' title='bbox 716 3362 885 3418; x_wconf 82' lang='lat' dir='ltr'><strong>fueris</strong></span> <span class='ocrx_word' id='word_1_179' title='bbox 910 3362 973 3418; x_wconf 86' lang='lat' dir='ltr'><strong>in</strong></span> <span class='ocrx_word' id='word_1_180' title='bbox 998 3367 1173 3418; x_wconf 88' lang='lat' dir='ltr'><strong>status</strong></span> <span class='ocrx_word' id='word_1_181' title='bbox 1198 3364 1515 3437; x_wconf 85' lang='lat' dir='ltr'><strong>anteriores,</strong></span> <span class='ocrx_word' id='word_1_182' title='bbox 1540 3379 1680 3420; x_wconf 88' lang='lat' dir='ltr'><strong>nun·</strong></span> 
     </span>
     <span class='ocr_line' id='line_1_30' title="bbox 124 3450 1680 3526; baseline 0.001 -21"><span class='ocrx_word' id='word_1_183' title='bbox 124 3465 263 3521; x_wconf 86' lang='lat' dir='ltr'><strong>quam</strong></span> <span class='ocrx_word' id='word_1_184' title='bbox 296 3451 361 3506; x_wconf 89' lang='lat' dir='ltr'><strong>in</strong></span> <span class='ocrx_word' id='word_1_185' title='bbox 396 3450 635 3508; x_wconf 82' lang='lat' dir='ltr'><strong>statibus</strong></span> <span class='ocrx_word' id='word_1_186' title='bbox 670 3450 943 3508; x_wconf 87' lang='lat' dir='ltr'><strong>rationem</strong></span> <span class='ocrx_word' id='word_1_187' title='bbox 982 3452 1204 3523; x_wconf 80' lang='lat' dir='ltr'><strong>plenam</strong></span> <span class='ocrx_word' id='word_1_188' title='bbox 1241 3453 1503 3526; x_wconf 84' lang='lat' dir='ltr'><strong>repereris</strong></span> <span class='ocrx_word' id='word_1_189' title='bbox 1515 3491 1532 3525; x_wconf 91' lang='lat'><strong>,</strong></span> <span class='ocrx_word' id='word_1_190' title='bbox 1584 3467 1680 3510; x_wconf 86' lang='lat' dir='ltr'><strong>cur</strong></span> 
     </span>
     <span class='ocr_line' id='line_1_31' title="bbox 123 3538 1679 3613; baseline 0 -19"><span class='ocrx_word' id='word_1_191' title='bbox 123 3538 299 3595; x_wconf 81' lang='lat' dir='ltr'><strong>scilicet</strong></span> <span class='ocrx_word' id='word_1_192' title='bbox 339 3539 539 3612; x_wconf 88' lang='lat' dir='ltr'><strong>aliquis</strong></span> <span class='ocrx_word' id='word_1_193' title='bbox 566 3538 642 3596; x_wconf 89' lang='lat' dir='ltr'><strong>sit</strong></span> <span class='ocrx_word' id='word_1_194' title='bbox 667 3539 853 3612; x_wconf 87' lang='lat' dir='ltr'><strong>potius</strong></span> <span class='ocrx_word' id='word_1_195' title='bbox 880 3540 1141 3613; x_wconf 81' lang='lat' dir='ltr'><strong>mundus,</strong></span> <span class='ocrx_word' id='word_1_196' title='bbox 1180 3545 1241 3596; x_wconf 89' lang='lat' dir='ltr'><strong>et</strong></span> <span class='ocrx_word' id='word_1_197' title='bbox 1266 3557 1363 3598; x_wconf 89' lang='lat' dir='ltr'><strong>cur</strong></span> <span class='ocrx_word' id='word_1_198' title='bbox 1389 3540 1533 3596; x_wconf 87' lang='lat' dir='ltr'><strong>talis.</strong></span> <span class='ocrx_word' id='word_1_199' title='bbox 1588 3539 1679 3595; x_wconf 87' lang='lat' dir='ltr'><strong>Li-</strong></span> 
     </span>
     <span class='ocr_line' id='line_1_32' title="bbox 124 3627 1680 3703; baseline 0.002 -20"><span class='ocrx_word' id='word_1_200' title='bbox 124 3633 196 3683; x_wconf 85' lang='lat' dir='ltr'><strong>cet</strong></span> <span class='ocrx_word' id='word_1_201' title='bbox 239 3645 365 3701; x_wconf 81' lang='lat' dir='ltr'><strong>ergo</strong></span> <span class='ocrx_word' id='word_1_202' title='bbox 402 3627 671 3685; x_wconf 87' lang='lat' dir='ltr'><strong>mundum</strong></span> <span class='ocrx_word' id='word_1_203' title='bbox 708 3633 991 3686; x_wconf 85' lang='lat' dir='ltr'><strong>aeternum</strong></span> <span class='ocrx_word' id='word_1_204' title='bbox 1028 3630 1288 3703; x_wconf 75' lang='lat' dir='ltr'><strong>fingereS,</strong></span> <span class='ocrx_word' id='word_1_205' title='bbox 1328 3645 1453 3686; x_wconf 83' lang='lat' dir='ltr'><strong>cum</strong></span> <span class='ocrx_word' id='word_1_206' title='bbox 1492 3632 1680 3686; x_wconf 87' lang='lat' dir='ltr'><strong>tamen</strong></span> 
     </span>
     <span class='ocr_line' id='line_1_33' title="bbox 122 3716 1680 3790; baseline 0.001 -18"><span class='ocrx_word' id='word_1_207' title='bbox 122 3716 245 3772; x_wconf 89' lang='lat' dir='ltr'><strong>nihil</strong></span> <span class='ocrx_word' id='word_1_208' title='bbox 266 3733 435 3790; x_wconf 88' lang='lat' dir='ltr'><strong>ponas</strong></span> <span class='ocrx_word' id='word_1_209' title='bbox 462 3717 575 3774; x_wconf 86' lang='lat' dir='ltr'><strong>nisi</strong></span> <span class='ocrx_word' id='word_1_210' title='bbox 600 3721 845 3774; x_wconf 87' lang='lat' dir='ltr'><strong>statuum</strong></span> <span class='ocrx_word' id='word_1_211' title='bbox 870 3717 1289 3790; x_wconf 65' lang='lat' dir='ltr'><strong>antecessionem,</strong></span> <span class='ocrx_word' id='word_1_212' title='bbox 1328 3735 1429 3774; x_wconf 86' lang='lat' dir='ltr'><strong>nec</strong></span> <span class='ocrx_word' id='word_1_213' title='bbox 1457 3716 1518 3772; x_wconf 91' lang='lat' dir='ltr'><strong>in</strong></span> <span class='ocrx_word' id='word_1_214' title='bbox 1544 3733 1680 3790; x_wconf 89' lang='lat' dir='ltr'><strong>quo·</strong></span> 
     </span>
     <span class='ocr_line' id='line_1_34' title="bbox 125 3805 1677 3880; baseline 0.003 -20"><span class='ocrx_word' id='word_1_215' title='bbox 125 3805 248 3860; x_wconf 86' lang='lat' dir='ltr'><strong>libet</strong></span> <span class='ocrx_word' id='word_1_216' title='bbox 270 3823 449 3862; x_wconf 87' lang='lat' dir='ltr'><strong>eorum</strong></span> <span class='ocrx_word' id='word_1_217' title='bbox 475 3806 751 3864; x_wconf 80' lang='lat' dir='ltr'><strong>rationem</strong></span> <span class='ocrx_word' id='word_1_218' title='bbox 776 3807 1133 3864; x_wconf 84' lang='lat' dir='ltr'><strong>sufficientem</strong></span> <span class='ocrx_word' id='word_1_219' title='bbox 1154 3807 1409 3880; x_wconf 87' lang='lat' dir='ltr'><strong>reperias,</strong></span> <span class='ocrx_word' id='word_1_220' title='bbox 1439 3807 1555 3863; x_wconf 89' lang='lat' dir='ltr'><strong>imo</strong></span> <span class='ocrx_word' id='word_1_221' title='bbox 1574 3823 1677 3864; x_wconf 84' lang='lat' dir='ltr'><strong>nec</strong></span> 
     </span>
     <span class='ocr_line' id='line_1_35' title="bbox 130 3895 1676 3969; baseline 0.002 -20"><span class='ocrx_word' id='word_1_222' title='bbox 130 3899 437 3968; x_wconf 79' lang='lat' dir='ltr'><strong>quotcunque</strong></span> <span class='ocrx_word' id='word_1_223' title='bbox 460 3895 719 3952; x_wconf 86' lang='lat' dir='ltr'><strong>assumtis</strong></span> <span class='ocrx_word' id='word_1_224' title='bbox 744 3896 833 3952; x_wconf 86' lang='lat' dir='ltr'><strong>vel</strong></span> <span class='ocrx_word' id='word_1_225' title='bbox 861 3896 1151 3952; x_wconf 79' lang='lat' dir='ltr'><strong>minimum</strong></span> <span class='ocrx_word' id='word_1_226' title='bbox 1178 3896 1427 3969; x_wconf 85' lang='lat' dir='ltr'><strong>proficias</strong></span> <span class='ocrx_word' id='word_1_227' title='bbox 1455 3895 1527 3952; x_wconf 87' lang='lat' dir='ltr'><strong>ad</strong></span> <span class='ocrx_word' id='word_1_228' title='bbox 1554 3895 1676 3952; x_wconf 90' lang='lat' dir='ltr'><strong>red-</strong></span> 
     </span>
     <span class='ocr_line' id='line_1_36' title="bbox 127 3981 1671 4058; baseline 0.001 -20"><span class='ocrx_word' id='word_1_229' title='bbox 127 3981 331 4040; x_wconf 86' lang='lat' dir='ltr'><strong>dendam</strong></span> <span class='ocrx_word' id='word_1_230' title='bbox 350 3985 643 4058; x_wconf 85' lang='lat' dir='ltr'><strong>rationem,</strong></span> <span class='ocrx_word' id='word_1_231' title='bbox 671 3988 825 4058; x_wconf 88' lang='lat' dir='ltr'><strong>patet</strong></span> <span class='ocrx_word' id='word_1_232' title='bbox 848 3985 985 4042; x_wconf 87' lang='lat' dir='ltr'><strong>alibi</strong></span> <span class='ocrx_word' id='word_1_233' title='bbox 1006 3983 1276 4041; x_wconf 89' lang='lat' dir='ltr'><strong>rationem</strong></span> <span class='ocrx_word' id='word_1_234' title='bbox 1306 3985 1671 4058; x_wconf 80' lang='lat' dir='ltr'><strong>quaerendam</strong></span> 
     </span>
     <span class='ocr_line' id='line_1_37' title="bbox 124 4071 1672 4148; baseline 0.001 -22"><span class='ocrx_word' id='word_1_235' title='bbox 124 4087 236 4126; x_wconf 79' lang='lat' dir='ltr'><strong>esse.</strong></span> <span class='ocrx_word' id='word_1_236' title='bbox 290 4074 353 4130; x_wconf 87' lang='lat' dir='ltr'><strong>In</strong></span> <span class='ocrx_word' id='word_1_237' title='bbox 382 4074 621 4130; x_wconf 87' lang='lat' dir='ltr'><strong>aeternis</strong></span> <span class='ocrx_word' id='word_1_238' title='bbox 646 4071 825 4148; x_wconf 87' lang='lat' dir='ltr'><strong>enim,</strong></span> <span class='ocrx_word' id='word_1_239' title='bbox 873 4074 977 4130; x_wconf 85' lang='lat' dir='ltr'><strong>etsi</strong></span> <span class='ocrx_word' id='word_1_240' title='bbox 1002 4073 1157 4130; x_wconf 84' lang='lat' dir='ltr'><strong>nulla</strong></span> <span class='ocrx_word' id='word_1_241' title='bbox 1184 4089 1349 4135; x_wconf 79' lang='lat' dir='ltr'><strong>causa</strong></span> <span class='ocrx_word' id='word_1_242' title='bbox 1376 4078 1542 4146; x_wconf 67' lang='lat' dir='ltr'><strong>osset,</strong></span> <span class='ocrx_word' id='word_1_243' title='bbox 1591 4077 1672 4128; x_wconf 84' lang='lat' dir='ltr'><strong>ta-</strong></span> 
     </span>
     <span class='ocr_line' id='line_1_38' title="bbox 122 4162 1671 4236; baseline 0.001 -19"><span class='ocrx_word' id='word_1_244' title='bbox 122 4174 231 4217; x_wconf 85' lang='lat' dir='ltr'><strong>men</strong></span> <span class='ocrx_word' id='word_1_245' title='bbox 254 4162 393 4218; x_wconf 88' lang='lat' dir='ltr'><strong>ratio</strong></span> <span class='ocrx_word' id='word_1_246' title='bbox 423 4162 657 4236; x_wconf 78' lang='lat' dir='ltr'><strong>intelligi</strong></span> <span class='ocrx_word' id='word_1_247' title='bbox 684 4163 862 4234; x_wconf 89' lang='lat' dir='ltr'><strong>debet,</strong></span> <span class='ocrx_word' id='word_1_248' title='bbox 892 4179 1033 4235; x_wconf 88' lang='lat' dir='ltr'><strong>quae</strong></span> <span class='ocrx_word' id='word_1_249' title='bbox 1058 4162 1121 4218; x_wconf 89' lang='lat' dir='ltr'><strong>in</strong></span> <span class='ocrx_word' id='word_1_250' title='bbox 1147 4162 1561 4236; x_wconf 70' lang='lat' dir='ltr'><strong>persistentibus</strong></span> <span class='ocrx_word' id='word_1_251' title='bbox 1588 4165 1671 4218; x_wconf 90' lang='lat' dir='ltr'><strong>est</strong></span> 
     </span>
     <span class='ocr_line' id='line_1_39' title="bbox 124 4247 1671 4324; baseline 0.003 -22"><span class='ocrx_word' id='word_1_252' title='bbox 124 4247 221 4321; x_wconf 76' lang='lat' dir='ltr'><strong>ipsa</strong></span> <span class='ocrx_word' id='word_1_253' title='bbox 250 4251 543 4308; x_wconf 86' lang='lat' dir='ltr'><strong>necessitas</strong></span> <span class='ocrx_word' id='word_1_254' title='bbox 586 4265 683 4308; x_wconf 85' lang='lat' dir='ltr'><strong>seu</strong></span> <span class='ocrx_word' id='word_1_255' title='bbox 710 4251 969 4324; x_wconf 85' lang='lat' dir='ltr'><strong>essentia,</strong></span> <span class='ocrx_word' id='word_1_256' title='bbox 1000 4251 1061 4307; x_wconf 90' lang='lat' dir='ltr'><strong>in</strong></span> <span class='ocrx_word' id='word_1_257' title='bbox 1097 4251 1237 4308; x_wconf 88' lang='lat' dir='ltr'><strong>serie</strong></span> <span class='ocrx_word' id='word_1_258' title='bbox 1272 4268 1405 4308; x_wconf 89' lang='lat' dir='ltr'><strong>vero</strong></span> <span class='ocrx_word' id='word_1_259' title='bbox 1432 4250 1671 4307; x_wconf 83' lang='lat' dir='ltr'><strong>mutabi-</strong></span> 
     </span>
     <span class='ocr_line' id='line_1_40' title="bbox 123 4337 1673 4413; baseline 0.001 -21"><span class='ocrx_word' id='word_1_260' title='bbox 123 4337 248 4412; x_wconf 88' lang='lat' dir='ltr'><strong>lium,</strong></span> <span class='ocrx_word' id='word_1_261' title='bbox 274 4340 323 4396; x_wconf 92' lang='lat' dir='ltr'><strong>si</strong></span> <span class='ocrx_word' id='word_1_262' title='bbox 350 4341 485 4396; x_wconf 81' lang='lat' dir='ltr'><strong>haec</strong></span> <span class='ocrx_word' id='word_1_263' title='bbox 512 4345 733 4396; x_wconf 82' lang='lat' dir='ltr'><strong>aeterna</strong></span> <span class='ocrx_word' id='word_1_264' title='bbox 759 4357 796 4395; x_wconf 88' lang='lat' dir='ltr'><strong>a</strong></span> <span class='ocrx_word' id='word_1_265' title='bbox 822 4339 1005 4413; x_wconf 87' lang='lat' dir='ltr'><strong>priore</strong></span> <span class='ocrx_word' id='word_1_266' title='bbox 1032 4341 1339 4413; x_wconf 84' lang='lat' dir='ltr'><strong>fingeretur,</strong></span> <span class='ocrx_word' id='word_1_267' title='bbox 1382 4343 1524 4398; x_wconf 81' lang='lat' dir='ltr'><strong>foret</strong></span> <span class='ocrx_word' id='word_1_268' title='bbox 1550 4339 1673 4413; x_wconf 84' lang='lat' dir='ltr'><strong>ipsa</strong></span> 
     </span>
     <span class='ocr_line' id='line_1_41' title="bbox 123 4428 1673 4504; baseline -0.001 -19"><span class='ocrx_word' id='word_1_269' title='bbox 123 4429 462 4498; x_wconf 75' lang='lat' dir='ltr'><strong>plaevalentia</strong></span> <span class='ocrx_word' id='word_1_270' title='bbox 488 4428 909 4486; x_wconf 67' lang='lat' dir='ltr'><strong>inclinationum</strong></span> <span class='ocrx_word' id='word_1_271' title='bbox 934 4433 998 4484; x_wconf 91' lang='grc' dir='ltr'><strong>ιιι</strong></span> <span class='ocrx_word' id='word_1_272' title='bbox 1026 4444 1161 4486; x_wconf 85' lang='lat' dir='ltr'><strong>mox</strong></span> <span class='ocrx_word' id='word_1_273' title='bbox 1188 4428 1537 4504; x_wconf 79' lang='lat' dir='ltr'><strong>intelligetur,</strong></span> <span class='ocrx_word' id='word_1_274' title='bbox 1576 4428 1673 4484; x_wconf 89' lang='lat' dir='ltr'><strong>ubi</strong></span> 
     </span>
     <span class='ocr_line' id='line_1_42' title="bbox 124 4516 1673 4586; baseline 0.003 -16"><span class='ocrx_word' id='word_1_275' title='bbox 124 4517 333 4574; x_wconf 76' lang='lat' dir='ltr'><strong>rationes</strong></span> <span class='ocrx_word' id='word_1_276' title='bbox 368 4517 577 4576; x_wconf 82' lang='lat' dir='ltr'><strong>scilicet</strong></span> <span class='ocrx_word' id='word_1_277' title='bbox 602 4532 717 4574; x_wconf 87' lang='lat' dir='ltr'><strong>non</strong></span> <span class='ocrx_word' id='word_1_278' title='bbox 743 4516 1071 4574; x_wconf 82' lang='lat' dir='ltr'><strong>necessitant</strong></span> <span class='ocrx_word' id='word_1_279' title='bbox 1108 4516 1401 4586; x_wconf 84' lang='lat' dir='ltr'><strong>(absoluta</strong></span> <span class='ocrx_word' id='word_1_280' title='bbox 1436 4534 1533 4574; x_wconf 87' lang='lat' dir='ltr'><strong>seu</strong></span> <span class='ocrx_word' id='word_1_281' title='bbox 1560 4534 1673 4574; x_wconf 90' lang='lat' dir='ltr'><strong>me-</strong></span> 
     </span>
     <span class='ocr_line' id='line_1_43' title="bbox 126 4605 1532 4680; baseline -0.001 -16"><span class='ocrx_word' id='word_1_282' title='bbox 126 4605 372 4677; x_wconf 64' lang='lat' dir='ltr'><strong>taphysica</strong></span> <span class='ocrx_word' id='word_1_283' title='bbox 410 4606 731 4664; x_wconf 69' lang='lat' dir='ltr'><strong>necessitate</strong></span> <span class='ocrx_word' id='word_1_284' title='bbox 765 4609 832 4662; x_wconf 84' lang='lat' dir='ltr'><strong>ut</strong></span> <span class='ocrx_word' id='word_1_285' title='bbox 865 4606 1199 4664; x_wconf 75' lang='lat' dir='ltr'><strong>contrarium</strong></span> <span class='ocrx_word' id='word_1_286' title='bbox 1234 4607 1532 4680; x_wconf 87' lang='lat' dir='ltr'><strong>implicet),</strong></span> 
     </span>
     <span class='ocr_line' id='line_1_44' title="bbox 126 4691 1672 4769; baseline -0.001 -19"><span class='ocrx_word' id='word_1_287' title='bbox 126 4691 373 4752; x_wconf 78' lang='lat' dir='ltr'><strong>imlinant.</strong></span> <span class='ocrx_word' id='word_1_288' title='bbox 440 4695 533 4752; x_wconf 84' lang='lat' dir='ltr'><strong>Ex</strong></span> <span class='ocrx_word' id='word_1_289' title='bbox 580 4695 778 4768; x_wconf 89' lang='lat' dir='ltr'><strong>quibus</strong></span> <span class='ocrx_word' id='word_1_290' title='bbox 822 4699 977 4768; x_wconf 83' lang='lat' dir='ltr'><strong>patet</strong></span> <span class='ocrx_word' id='word_1_291' title='bbox 1022 4711 1125 4752; x_wconf 86' lang='lat' dir='ltr'><strong>nec</strong></span> <span class='ocrx_word' id='word_1_292' title='bbox 1162 4695 1444 4769; x_wconf 86' lang='lat' dir='ltr'><strong>supposita</strong></span> <span class='ocrx_word' id='word_1_293' title='bbox 1481 4695 1672 4752; x_wconf 88' lang='lat' dir='ltr'><strong>mundi</strong></span> 
     </span>
     <span class='ocr_line' id='line_1_45' title="bbox 128 4784 1673 4845; baseline 0.001 -5"><span class='ocrx_word' id='word_1_294' title='bbox 128 4787 415 4842; x_wconf 70' lang='lat' dir='ltr'><strong>aeter-nitate</strong></span> <span class='ocrx_word' id='word_1_295' title='bbox 461 4785 715 4842; x_wconf 87' lang='lat' dir='ltr'><strong>ultimam</strong></span> <span class='ocrx_word' id='word_1_296' title='bbox 759 4785 1031 4842; x_wconf 83' lang='lat' dir='ltr'><strong>rationem</strong></span> <span class='ocrx_word' id='word_1_297' title='bbox 1068 4801 1253 4842; x_wconf 87' lang='lat' dir='ltr'><strong>rerum</strong></span> <span class='ocrx_word' id='word_1_298' title='bbox 1286 4784 1673 4845; x_wconf 85' lang='lat' dir='ltr'><strong>extramunda-</strong></span> 
     </span>
     <span class='ocr_line' id='line_1_46' title="bbox 130 4873 954 4948; baseline 0.002 -21"><span class='ocrx_word' id='word_1_299' title='bbox 130 4885 231 4927; x_wconf 81' lang='lat' dir='ltr'><strong>nam</strong></span> <span class='ocrx_word' id='word_1_300' title='bbox 254 4891 349 4931; x_wconf 89' lang='lat' dir='ltr'><strong>seu</strong></span> <span class='ocrx_word' id='word_1_301' title='bbox 373 4873 557 4932; x_wconf 86' lang='lat' dir='ltr'><strong>Deum</strong></span> <span class='ocrx_word' id='word_1_302' title='bbox 582 4873 751 4946; x_wconf 81' lang='lat' dir='ltr'><strong>effugi</strong></span> <span class='ocrx_word' id='word_1_303' title='bbox 778 4890 954 4948; x_wconf 82' lang='lat' dir='ltr'><strong>posse·</strong></span> 
     </span>
     <span class='ocr_line' id='line_1_47' title="bbox 194 4961 1671 5036; baseline 0.001 -17"><span class='ocrx_word' id='word_1_304' title='bbox 194 4961 443 5020; x_wconf 75' lang='lat' dir='ltr'><strong>Rationes</strong></span> <span class='ocrx_word' id='word_1_305' title='bbox 492 4961 660 5036; x_wconf 80' lang='lat' dir='ltr'><strong>igitur</strong></span> <span class='ocrx_word' id='word_1_306' title='bbox 708 4963 901 5020; x_wconf 88' lang='lat' dir='ltr'><strong>mundi</strong></span> <span class='ocrx_word' id='word_1_307' title='bbox 948 4963 1125 5020; x_wconf 80' lang='lat' dir='ltr'><strong>latent</strong></span> <span class='ocrx_word' id='word_1_308' title='bbox 1162 4961 1224 5018; x_wconf 91' lang='lat' dir='ltr'><strong>in</strong></span> <span class='ocrx_word' id='word_1_309' title='bbox 1261 4961 1447 5036; x_wconf 85' lang='lat' dir='ltr'><strong>aliquo</strong></span> <span class='ocrx_word' id='word_1_310' title='bbox 1490 4966 1671 5020; x_wconf 86' lang='lat' dir='ltr'><strong>extra-</strong></span> 
     </span>
     <span class='ocr_line' id='line_1_48' title="bbox 134 5051 1671 5126; baseline 0.003 -22"><span class='ocrx_word' id='word_1_311' title='bbox 134 5052 401 5124; x_wconf 76' lang='lat' dir='ltr'><strong>mundano,</strong></span> <span class='ocrx_word' id='word_1_312' title='bbox 440 5051 726 5108; x_wconf 79' lang='lat' dir='ltr'><strong>differente</strong></span> <span class='ocrx_word' id='word_1_313' title='bbox 772 5069 809 5108; x_wconf 87' lang='lat' dir='ltr'><strong>a</strong></span> <span class='ocrx_word' id='word_1_314' title='bbox 846 5054 1039 5108; x_wconf 81' lang='lat' dir='ltr'><strong>catena</strong></span> <span class='ocrx_word' id='word_1_315' title='bbox 1078 5055 1353 5126; x_wconf 70' lang='lat' dir='ltr'><strong>stabiam,</strong></span> <span class='ocrx_word' id='word_1_316' title='bbox 1396 5067 1493 5108; x_wconf 84' lang='lat' dir='ltr'><strong>seu</strong></span> <span class='ocrx_word' id='word_1_317' title='bbox 1534 5051 1671 5108; x_wconf 89' lang='lat' dir='ltr'><strong>serie</strong></span> 
     </span>
     <span class='ocr_line' id='line_1_49' title="bbox 136 5138 1670 5216; baseline 0.001 -22"><span class='ocrx_word' id='word_1_318' title='bbox 136 5152 293 5214; x_wconf 78' lang='lat' dir='ltr'><strong>rerum,</strong></span> <span class='ocrx_word' id='word_1_319' title='bbox 318 5157 553 5214; x_wconf 84' lang='lat' dir='ltr'><strong>quarum</strong></span> <span class='ocrx_word' id='word_1_320' title='bbox 572 5145 921 5216; x_wconf 73' lang='lat' dir='ltr'><strong>aggregatum</strong></span> <span class='ocrx_word' id='word_1_321' title='bbox 940 5141 1209 5198; x_wconf 84' lang='lat' dir='ltr'><strong>mnndum</strong></span> <span class='ocrx_word' id='word_1_322' title='bbox 1229 5138 1525 5198; x_wconf 83' lang='lat' dir='ltr'><strong>constituit.</strong></span> <span class='ocrx_word' id='word_1_323' title='bbox 1568 5141 1670 5197; x_wconf 84' lang='lat' dir='ltr'><strong>At-</strong></span> 
     </span>
    </p>
   </div>
   <div class='ocr_carea' id='block_1_9' title="bbox 1633 1472 1953 1493">
    <p class='ocr_par' dir='ltr' id='par_1_9' title="bbox 1633 1472 1953 1493">
     <span class='ocr_line' id='line_1_50' title="bbox 1633 1472 1953 1493; baseline 0 4357"><span class='ocrx_word' id='word_1_324' title='bbox 1633 1472 1953 1493; x_wconf 95' lang='lat' dir='ltr'><strong> </strong></span> 
     </span>
    </p>
   </div>
   <div class='ocr_carea' id='block_1_10' title="bbox 1768 1585 3378 4944">
    <p class='ocr_par' dir='ltr' id='par_1_10' title="bbox 1779 1585 3378 2901">
     <span class='ocr_line' id='line_1_51' title="bbox 1790 1585 3378 1663; baseline 0.006 -23"><span class='ocrx_word' id='word_1_325' title='bbox 1790 1601 1900 1657; x_wconf 90' lang='lat' dir='ltr'><strong>que</strong></span> <span class='ocrx_word' id='word_1_326' title='bbox 1927 1585 2008 1641; x_wconf 86' lang='lat' dir='ltr'><strong>ita</strong></span> <span class='ocrx_word' id='word_1_327' title='bbox 2035 1585 2366 1643; x_wconf 83' lang='lat' dir='ltr'><strong>veniendum</strong></span> <span class='ocrx_word' id='word_1_328' title='bbox 2394 1590 2478 1643; x_wconf 68' lang='lat' dir='ltr'><strong>est</strong></span> <span class='ocrx_word' id='word_1_329' title='bbox 2506 1603 2541 1642; x_wconf 90' lang='lat' dir='ltr'><strong>a</strong></span> <span class='ocrx_word' id='word_1_330' title='bbox 2567 1588 2794 1660; x_wconf 87' lang='lat' dir='ltr'><strong>physica</strong></span> <span class='ocrx_word' id='word_1_331' title='bbox 2821 1589 3142 1647; x_wconf 76' lang='lat' dir='ltr'><strong>necessitate</strong></span> <span class='ocrx_word' id='word_1_332' title='bbox 3161 1607 3258 1648; x_wconf 88' lang='lat' dir='ltr'><strong>seu</strong></span> <span class='ocrx_word' id='word_1_333' title='bbox 3278 1593 3378 1663; x_wconf 84' lang='lat' dir='ltr'><strong>hy-</strong></span> 
     </span>
     <span class='ocr_line' id='line_1_52' title="bbox 1789 1674 3376 1753; baseline 0.006 -25"><span class='ocrx_word' id='word_1_334' title='bbox 1789 1674 2090 1747; x_wconf 86' lang='lat' dir='ltr'><strong>pothetica,</strong></span> <span class='ocrx_word' id='word_1_335' title='bbox 2133 1689 2274 1747; x_wconf 89' lang='lat' dir='ltr'><strong>quae</strong></span> <span class='ocrx_word' id='word_1_336' title='bbox 2310 1691 2396 1731; x_wconf 86' lang='lat' dir='ltr'><strong>res</strong></span> <span class='ocrx_word' id='word_1_337' title='bbox 2437 1675 2628 1731; x_wconf 89' lang='lat' dir='ltr'><strong>mundi</strong></span> <span class='ocrx_word' id='word_1_338' title='bbox 2669 1678 2996 1750; x_wconf 84' lang='lat' dir='ltr'><strong>posteriores</strong></span> <span class='ocrx_word' id='word_1_339' title='bbox 3035 1696 3072 1735; x_wconf 89' lang='lat' dir='ltr'><strong>a</strong></span> <span class='ocrx_word' id='word_1_340' title='bbox 3097 1679 3376 1753; x_wconf 85' lang='lat' dir='ltr'><strong>prioribus</strong></span> 
     </span>
     <span class='ocr_line' id='line_1_53' title="bbox 1790 1762 3374 1849; baseline 0.005 -31"><span class='ocrx_word' id='word_1_341' title='bbox 1790 1762 2134 1849; x_wconf 81' lang='lat' dir='ltr'><strong>determinat,</strong></span> <span class='ocrx_word' id='word_1_342' title='bbox 2175 1762 2248 1818; x_wconf 87' lang='lat' dir='ltr'><strong>ad</strong></span> <span class='ocrx_word' id='word_1_343' title='bbox 2275 1762 2484 1834; x_wconf 90' lang='lat' dir='ltr'><strong>aliquid</strong></span> <span class='ocrx_word' id='word_1_344' title='bbox 2509 1765 2654 1836; x_wconf 89' lang='lat' dir='ltr'><strong>quod</strong></span> <span class='ocrx_word' id='word_1_345' title='bbox 2684 1765 2758 1821; x_wconf 91' lang='lat' dir='ltr'><strong>sit</strong></span> <span class='ocrx_word' id='word_1_346' title='bbox 2783 1768 3074 1823; x_wconf 67' lang='lat' dir='ltr'><strong>necessitas</strong></span> <span class='ocrx_word' id='word_1_347' title='bbox 3102 1769 3374 1835; x_wconf 83' lang='lat' dir='ltr'><strong>absoluta.</strong></span> 
     </span>
     <span class='ocr_line' id='line_1_54' title="bbox 1789 1850 3350 1928; baseline 0.004 -21"><span class='ocrx_word' id='word_1_348' title='bbox 1789 1868 1888 1907; x_wconf 90' lang='lat' dir='ltr'><strong>seu</strong></span> <span class='ocrx_word' id='word_1_349' title='bbox 1915 1851 2300 1925; x_wconf 85' lang='lat' dir='ltr'><strong>metaphysica,</strong></span> <span class='ocrx_word' id='word_1_350' title='bbox 2331 1850 2484 1920; x_wconf 76' lang='lat' dir='ltr'><strong>cnjus</strong></span> <span class='ocrx_word' id='word_1_351' title='bbox 2501 1852 2644 1908; x_wconf 87' lang='lat' dir='ltr'><strong>ratio</strong></span> <span class='ocrx_word' id='word_1_352' title='bbox 2665 1854 2818 1909; x_wconf 86' lang='lat' dir='ltr'><strong>reddi</strong></span> <span class='ocrx_word' id='word_1_353' title='bbox 2838 1870 2954 1911; x_wconf 89' lang='lat' dir='ltr'><strong>non</strong></span> <span class='ocrx_word' id='word_1_354' title='bbox 2973 1856 3165 1928; x_wconf 78' lang='lat' dir='ltr'><strong>possit.</strong></span> <span class='ocrx_word' id='word_1_355' title='bbox 3211 1858 3350 1915; x_wconf 86' lang='lat' dir='ltr'><strong>Mun</strong></span> 
     </span>
     <span class='ocr_line' id='line_1_55' title="bbox 1790 1940 3372 2015; baseline 0.004 -18"><span class='ocrx_word' id='word_1_356' title='bbox 1790 1940 1894 1997; x_wconf 85' lang='lat' dir='ltr'><strong>dns</strong></span> <span class='ocrx_word' id='word_1_357' title='bbox 1921 1940 2072 1997; x_wconf 90' lang='lat' dir='ltr'><strong>enim</strong></span> <span class='ocrx_word' id='word_1_358' title='bbox 2099 1955 2356 2012; x_wconf 86' lang='lat' dir='ltr'><strong>praesens</strong></span> <span class='ocrx_word' id='word_1_359' title='bbox 2385 1940 2606 2012; x_wconf 87' lang='lat' dir='ltr'><strong>physice</strong></span> <span class='ocrx_word' id='word_1_360' title='bbox 2627 1958 2724 1996; x_wconf 88' lang='lat' dir='ltr'><strong>seu</strong></span> <span class='ocrx_word' id='word_1_361' title='bbox 2741 1942 3087 2015; x_wconf 79' lang='lat' dir='ltr'><strong>hypothetice</strong></span> <span class='ocrx_word' id='word_1_362' title='bbox 3107 1962 3221 2002; x_wconf 91' lang='lat' dir='ltr'><strong>non</strong></span> <span class='ocrx_word' id='word_1_363' title='bbox 3242 1963 3372 2005; x_wconf 84' lang='lat' dir='ltr'><strong>vero</strong></span> 
     </span>
     <span class='ocr_line' id='line_1_56' title="bbox 1790 2028 3373 2109; baseline 0.004 -24"><span class='ocrx_word' id='word_1_364' title='bbox 1790 2029 2041 2087; x_wconf 88' lang='lat' dir='ltr'><strong>absolute</strong></span> <span class='ocrx_word' id='word_1_365' title='bbox 2079 2046 2176 2085; x_wconf 83' lang='lat' dir='ltr'><strong>seu</strong></span> <span class='ocrx_word' id='word_1_366' title='bbox 2213 2028 2582 2101; x_wconf 84' lang='lat' dir='ltr'><strong>metaphysice</strong></span> <span class='ocrx_word' id='word_1_367' title='bbox 2619 2034 2704 2085; x_wconf 65' lang='lat' dir='ltr'><strong>est</strong></span> <span class='ocrx_word' id='word_1_368' title='bbox 2739 2032 3093 2091; x_wconf 85' lang='lat' dir='ltr'><strong>necessarius.</strong></span> <span class='ocrx_word' id='word_1_369' title='bbox 3159 2034 3373 2109; x_wconf 87' lang='lat' dir='ltr'><strong>Nempe</strong></span> 
     </span>
     <span class='ocr_line' id='line_1_57' title="bbox 1788 2117 3372 2197; baseline 0.006 -24"><span class='ocrx_word' id='word_1_370' title='bbox 1788 2118 1972 2192; x_wconf 83' lang='lat' dir='ltr'><strong>posito</strong></span> <span class='ocrx_word' id='word_1_371' title='bbox 2009 2117 2159 2190; x_wconf 87' lang='lat' dir='ltr'><strong>quod</strong></span> <span class='ocrx_word' id='word_1_372' title='bbox 2195 2117 2366 2173; x_wconf 88' lang='lat' dir='ltr'><strong>semel</strong></span> <span class='ocrx_word' id='word_1_373' title='bbox 2405 2117 2532 2173; x_wconf 87' lang='lat' dir='ltr'><strong>talis</strong></span> <span class='ocrx_word' id='word_1_374' title='bbox 2571 2118 2669 2192; x_wconf 91' lang='lat' dir='ltr'><strong>sit,</strong></span> <span class='ocrx_word' id='word_1_375' title='bbox 2708 2136 3046 2193; x_wconf 85' lang='lat' dir='ltr'><strong>consequens</strong></span> <span class='ocrx_word' id='word_1_376' title='bbox 3082 2127 3194 2197; x_wconf 90' lang='lat' dir='ltr'><strong>est,</strong></span> <span class='ocrx_word' id='word_1_377' title='bbox 3237 2124 3372 2181; x_wconf 83' lang='lat' dir='ltr'><strong>talia</strong></span> 
     </span>
     <span class='ocr_line' id='line_1_58' title="bbox 1788 2205 3370 2308; baseline 0.003 -45"><span class='ocrx_word' id='word_1_378' title='bbox 1788 2224 1955 2308; x_wconf 80' lang='lat' dir='ltr'><strong>porro</strong></span> <span class='ocrx_word' id='word_1_379' title='bbox 1995 2205 2161 2263; x_wconf 87' lang='lat' dir='ltr'><strong>nasci.</strong></span> <span class='ocrx_word' id='word_1_380' title='bbox 2248 2206 2524 2271; x_wconf 84' lang='lat' dir='ltr'><strong>Quoniam</strong></span> <span class='ocrx_word' id='word_1_381' title='bbox 2565 2206 2733 2280; x_wconf 87' lang='lat' dir='ltr'><strong>igitur</strong></span> <span class='ocrx_word' id='word_1_382' title='bbox 2769 2208 2966 2265; x_wconf 88' lang='lat' dir='ltr'><strong>ultima</strong></span> <span class='ocrx_word' id='word_1_383' title='bbox 3003 2210 3165 2266; x_wconf 81' lang='lat' dir='ltr'><strong>radix</strong></span> <span class='ocrx_word' id='word_1_384' title='bbox 3205 2211 3370 2269; x_wconf 88' lang='lat' dir='ltr'><strong>debet</strong></span> 
     </span>
     <span class='ocr_line' id='line_1_59' title="bbox 1788 2294 3370 2383; baseline 0.003 -31"><span class='ocrx_word' id='word_1_385' title='bbox 1788 2314 1910 2352; x_wconf 89' lang='lat' dir='ltr'><strong>esse</strong></span> <span class='ocrx_word' id='word_1_386' title='bbox 1937 2295 1998 2351; x_wconf 91' lang='lat' dir='ltr'><strong>in</strong></span> <span class='ocrx_word' id='word_1_387' title='bbox 2017 2295 2220 2368; x_wconf 85' lang='lat' dir='ltr'><strong>aliquo,</strong></span> <span class='ocrx_word' id='word_1_388' title='bbox 2244 2294 2394 2368; x_wconf 88' lang='lat' dir='ltr'><strong>quod</strong></span> <span class='ocrx_word' id='word_1_389' title='bbox 2413 2295 2486 2351; x_wconf 88' lang='lat' dir='ltr'><strong>sit</strong></span> <span class='ocrx_word' id='word_1_390' title='bbox 2507 2296 2906 2383; x_wconf 82' lang='lat' dir='ltr'><strong>metaphysicae</strong></span> <span class='ocrx_word' id='word_1_391' title='bbox 2929 2299 3283 2373; x_wconf 70' lang='lat' dir='ltr'><strong>necessitatis,</strong></span> <span class='ocrx_word' id='word_1_392' title='bbox 3313 2304 3370 2357; x_wconf 89' lang='lat' dir='ltr'><strong>et</strong></span> 
     </span>
     <span class='ocr_line' id='line_1_60' title="bbox 1786 2372 3370 2462; baseline 0.003 -21"><span class='ocrx_word' id='word_1_393' title='bbox 1786 2385 1929 2441; x_wconf 86' lang='lat' dir='ltr'><strong>ratio</strong></span> <span class='ocrx_word' id='word_1_394' title='bbox 1949 2384 2238 2441; x_wconf 86' lang='lat' dir='ltr'><strong>existentis</strong></span> <span class='ocrx_word' id='word_1_395' title='bbox 2258 2400 2374 2440; x_wconf 90' lang='lat' dir='ltr'><strong>non</strong></span> <span class='ocrx_word' id='word_1_396' title='bbox 2394 2389 2477 2441; x_wconf 76' lang='lat' dir='ltr'><strong>est</strong></span> <span class='ocrx_word' id='word_1_397' title='bbox 2495 2384 2602 2439; x_wconf 87' lang='lat' dir='ltr'><strong>nisi</strong></span> <span class='ocrx_word' id='word_1_398' title='bbox 2624 2386 2696 2442; x_wconf 86' lang='lat' dir='ltr'><strong>ab</strong></span> <span class='ocrx_word' id='word_1_399' title='bbox 2707 2372 2993 2461; x_wconf 84' lang='lat' dir='ltr'><strong>existente,</strong></span> <span class='ocrx_word' id='word_1_400' title='bbox 3016 2386 3141 2444; x_wconf 86' lang='lat' dir='ltr'><strong>hinc</strong></span> <span class='ocrx_word' id='word_1_401' title='bbox 3151 2394 3370 2462; x_wconf 89' lang='lat' dir='ltr'><strong>oportet</strong></span> 
     </span>
     <span class='ocr_line' id='line_1_61' title="bbox 1784 2473 3368 2552; baseline 0.002 -21"><span class='ocrx_word' id='word_1_402' title='bbox 1784 2474 2010 2546; x_wconf 83' lang='lat' dir='ltr'><strong>aliquod</strong></span> <span class='ocrx_word' id='word_1_403' title='bbox 2029 2473 2266 2529; x_wconf 85' lang='lat' dir='ltr'><strong>existere</strong></span> <span class='ocrx_word' id='word_1_404' title='bbox 2283 2488 2380 2529; x_wconf 87' lang='lat' dir='ltr'><strong>ens</strong></span> <span class='ocrx_word' id='word_1_405' title='bbox 2399 2489 2572 2529; x_wconf 89' lang='lat' dir='ltr'><strong>unum</strong></span> <span class='ocrx_word' id='word_1_406' title='bbox 2593 2474 2996 2547; x_wconf 87' lang='lat' dir='ltr'><strong>metaphysicae</strong></span> <span class='ocrx_word' id='word_1_407' title='bbox 3011 2477 3368 2552; x_wconf 83' lang='lat' dir='ltr'><strong>necessitatis,</strong></span> 
     </span>
     <span class='ocr_line' id='line_1_62' title="bbox 1782 2554 3367 2637; baseline 0.003 -18"><span class='ocrx_word' id='word_1_408' title='bbox 1782 2580 1881 2619; x_wconf 89' lang='lat' dir='ltr'><strong>seu</strong></span> <span class='ocrx_word' id='word_1_409' title='bbox 1909 2562 1978 2619; x_wconf 88' lang='lat' dir='ltr'><strong>de</strong></span> <span class='ocrx_word' id='word_1_410' title='bbox 2005 2560 2161 2631; x_wconf 83' lang='lat' dir='ltr'><strong>cujus</strong></span> <span class='ocrx_word' id='word_1_411' title='bbox 2188 2562 2423 2618; x_wconf 87' lang='lat' dir='ltr'><strong>essentia</strong></span> <span class='ocrx_word' id='word_1_412' title='bbox 2453 2562 2526 2617; x_wconf 85' lang='lat' dir='ltr'><strong>sit</strong></span> <span class='ocrx_word' id='word_1_413' title='bbox 2553 2554 2866 2637; x_wconf 77' lang='lat' dir='ltr'><strong>existentia,</strong></span> <span class='ocrx_word' id='word_1_414' title='bbox 2908 2569 3070 2637; x_wconf 85' lang='lat' dir='ltr'><strong>atque</strong></span> <span class='ocrx_word' id='word_1_415' title='bbox 3099 2566 3236 2623; x_wconf 89' lang='lat' dir='ltr'><strong>adeo</strong></span> <span class='ocrx_word' id='word_1_416' title='bbox 3266 2566 3367 2623; x_wconf 90' lang='lat' dir='ltr'><strong>ali-</strong></span> 
     </span>
     <span class='ocr_line' id='line_1_63' title="bbox 1782 2650 3364 2728; baseline 0.004 -21"><span class='ocrx_word' id='word_1_417' title='bbox 1782 2651 1933 2724; x_wconf 86' lang='lat' dir='ltr'><strong>quod</strong></span> <span class='ocrx_word' id='word_1_418' title='bbox 1968 2650 2201 2707; x_wconf 84' lang='lat' dir='ltr'><strong>existere</strong></span> <span class='ocrx_word' id='word_1_419' title='bbox 2239 2650 2518 2707; x_wconf 87' lang='lat' dir='ltr'><strong>diversum</strong></span> <span class='ocrx_word' id='word_1_420' title='bbox 2543 2651 2618 2706; x_wconf 86' lang='lat' dir='ltr'><strong>ab</strong></span> <span class='ocrx_word' id='word_1_421' title='bbox 2647 2651 2858 2707; x_wconf 87' lang='lat' dir='ltr'><strong>entium</strong></span> <span class='ocrx_word' id='word_1_422' title='bbox 2885 2653 3227 2728; x_wconf 83' lang='lat' dir='ltr'><strong>pluralitate,</strong></span> <span class='ocrx_word' id='word_1_423' title='bbox 3268 2672 3364 2713; x_wconf 87' lang='lat' dir='ltr'><strong>seu</strong></span> 
     </span>
     <span class='ocr_line' id='line_1_64' title="bbox 1782 2740 3364 2813; baseline 0.002 -16"><span class='ocrx_word' id='word_1_424' title='bbox 1782 2741 2018 2813; x_wconf 88' lang='lat' dir='ltr'><strong>mundo,</strong></span> <span class='ocrx_word' id='word_1_425' title='bbox 2071 2754 2236 2813; x_wconf 90' lang='lat' dir='ltr'><strong>quem</strong></span> <span class='ocrx_word' id='word_1_426' title='bbox 2285 2740 2688 2813; x_wconf 85' lang='lat' dir='ltr'><strong>metaphysicae</strong></span> <span class='ocrx_word' id='word_1_427' title='bbox 2719 2741 3054 2798; x_wconf 83' lang='lat' dir='ltr'><strong>necessitatis</strong></span> <span class='ocrx_word' id='word_1_428' title='bbox 3089 2760 3206 2801; x_wconf 89' lang='lat' dir='ltr'><strong>nou</strong></span> <span class='ocrx_word' id='word_1_429' title='bbox 3246 2760 3364 2800; x_wconf 69' lang='lat' dir='ltr'><strong>esse</strong></span> 
     </span>
     <span class='ocr_line' id='line_1_65' title="bbox 1779 2827 2626 2901; baseline -0.002 -16"><span class='ocrx_word' id='word_1_430' title='bbox 1779 2828 2140 2885; x_wconf 86' lang='lat' dir='ltr'><strong>concessimus</strong></span> <span class='ocrx_word' id='word_1_431' title='bbox 2167 2827 2626 2901; x_wconf 82' lang='lat' dir='ltr'><strong>ostendimusque.</strong></span> 
     </span>
    </p>

    <p class='ocr_par' dir='ltr' id='par_1_11' title="bbox 1768 2916 3362 4234">
     <span class='ocr_line' id='line_1_66' title="bbox 1871 2916 3360 2998; baseline 0.003 -24"><span class='ocrx_word' id='word_1_432' title='bbox 1871 2918 1946 2974; x_wconf 88' lang='lat' dir='ltr'><strong>Ut</strong></span> <span class='ocrx_word' id='word_1_433' title='bbox 1975 2921 2162 2974; x_wconf 88' lang='lat' dir='ltr'><strong>autem</strong></span> <span class='ocrx_word' id='word_1_434' title='bbox 2189 2916 2354 2990; x_wconf 87' lang='lat' dir='ltr'><strong>paulo</strong></span> <span class='ocrx_word' id='word_1_435' title='bbox 2384 2917 2692 2974; x_wconf 87' lang='lat' dir='ltr'><strong>distinctius</strong></span> <span class='ocrx_word' id='word_1_436' title='bbox 2721 2918 3053 2998; x_wconf 81' lang='lat' dir='ltr'><strong>explicemus</strong></span> <span class='ocrx_word' id='word_1_437' title='bbox 3083 2920 3360 2992; x_wconf 87' lang='lat' dir='ltr'><strong>quomodo</strong></span> 
     </span>
     <span class='ocr_line' id='line_1_67' title="bbox 1780 3006 3362 3066; baseline 0.001 -2"><span class='ocrx_word' id='word_1_438' title='bbox 1780 3024 1853 3064; x_wconf 88' lang='lat' dir='ltr'><strong>ex</strong></span> <span class='ocrx_word' id='word_1_439' title='bbox 1885 3007 2205 3064; x_wconf 85' lang='lat' dir='ltr'><strong>veritatibus</strong></span> <span class='ocrx_word' id='word_1_440' title='bbox 2244 3006 2478 3064; x_wconf 80' lang='lat' dir='ltr'><strong>aeternis</strong></span> <span class='ocrx_word' id='word_1_441' title='bbox 2516 3006 2632 3064; x_wconf 86' lang='lat' dir='ltr'><strong>sive</strong></span> <span class='ocrx_word' id='word_1_442' title='bbox 2672 3006 3047 3064; x_wconf 67' lang='lat' dir='ltr'><strong>essentialibus</strong></span> <span class='ocrx_word' id='word_1_443' title='bbox 3073 3009 3162 3066; x_wconf 85' lang='lat' dir='ltr'><strong>vel</strong></span> <span class='ocrx_word' id='word_1_444' title='bbox 3191 3014 3362 3066; x_wconf 86' lang='lat' dir='ltr'><strong>meta-</strong></span> 
     </span>
     <span class='ocr_line' id='line_1_68' title="bbox 1780 3095 3362 3172; baseline 0.003 -20"><span class='ocrx_word' id='word_1_445' title='bbox 1780 3097 2016 3170; x_wconf 89' lang='lat' dir='ltr'><strong>physicis</strong></span> <span class='ocrx_word' id='word_1_446' title='bbox 2045 3097 2293 3154; x_wconf 86' lang='lat' dir='ltr'><strong>oriantur</strong></span> <span class='ocrx_word' id='word_1_447' title='bbox 2321 3095 2576 3152; x_wconf 62' lang='lat' dir='ltr'><strong>veritates</strong></span> <span class='ocrx_word' id='word_1_448' title='bbox 2605 3097 2947 3169; x_wconf 75' lang='lat' dir='ltr'><strong>temporaleS,</strong></span> <span class='ocrx_word' id='word_1_449' title='bbox 2985 3097 3362 3172; x_wconf 79' lang='lat' dir='ltr'><strong>contingentes</strong></span> 
     </span>
     <span class='ocr_line' id='line_1_69' title="bbox 1779 3183 3358 3261; baseline 0.001 -19"><span class='ocrx_word' id='word_1_450' title='bbox 1779 3186 1897 3244; x_wconf 84' lang='lat' dir='ltr'><strong>sive</strong></span> <span class='ocrx_word' id='word_1_451' title='bbox 1925 3185 2208 3260; x_wconf 82' lang='lat' dir='ltr'><strong>physicae,</strong></span> <span class='ocrx_word' id='word_1_452' title='bbox 2247 3185 2488 3258; x_wconf 87' lang='lat' dir='ltr'><strong>primum</strong></span> <span class='ocrx_word' id='word_1_453' title='bbox 2516 3201 2808 3258; x_wconf 84' lang='lat' dir='ltr'><strong>agnoscere</strong></span> <span class='ocrx_word' id='word_1_454' title='bbox 2836 3183 3094 3242; x_wconf 87' lang='lat' dir='ltr'><strong>debemus</strong></span> <span class='ocrx_word' id='word_1_455' title='bbox 3123 3203 3190 3242; x_wconf 84' lang='lat' dir='ltr'><strong>eo</strong></span> <span class='ocrx_word' id='word_1_456' title='bbox 3218 3186 3358 3261; x_wconf 90' lang='lat' dir='ltr'><strong>ipso,</strong></span> 
     </span>
     <span class='ocr_line' id='line_1_70' title="bbox 1778 3273 3358 3348; baseline -0.001 -16"><span class='ocrx_word' id='word_1_457' title='bbox 1778 3276 1924 3348; x_wconf 87' lang='lat' dir='ltr'><strong>quod</strong></span> <span class='ocrx_word' id='word_1_458' title='bbox 1965 3274 2174 3347; x_wconf 88' lang='lat' dir='ltr'><strong>aliquid</strong></span> <span class='ocrx_word' id='word_1_459' title='bbox 2203 3273 2384 3347; x_wconf 84' lang='lat' dir='ltr'><strong>potius</strong></span> <span class='ocrx_word' id='word_1_460' title='bbox 2411 3273 2600 3330; x_wconf 78' lang='lat' dir='ltr'><strong>existit</strong></span> <span class='ocrx_word' id='word_1_461' title='bbox 2626 3289 2794 3346; x_wconf 86' lang='lat' dir='ltr'><strong>quam</strong></span> <span class='ocrx_word' id='word_1_462' title='bbox 2820 3273 2988 3346; x_wconf 89' lang='lat' dir='ltr'><strong>nihil,</strong></span> <span class='ocrx_word' id='word_1_463' title='bbox 3029 3274 3270 3348; x_wconf 82' lang='lat' dir='ltr'><strong>aliquam</strong></span> <span class='ocrx_word' id='word_1_464' title='bbox 3295 3276 3358 3340; x_wconf 85' lang='lat' dir='ltr'><strong>in</strong></span> 
     </span>
     <span class='ocr_line' id='line_1_71' title="bbox 1777 3361 3358 3438; baseline 0 -18"><span class='ocrx_word' id='word_1_465' title='bbox 1777 3363 1942 3420; x_wconf 84' lang='lat' dir='ltr'><strong>rebus</strong></span> <span class='ocrx_word' id='word_1_466' title='bbox 1979 3363 2355 3438; x_wconf 77' lang='lat' dir='ltr'><strong>possibilian</strong></span> <span class='ocrx_word' id='word_1_467' title='bbox 2393 3379 2490 3418; x_wconf 86' lang='lat' dir='ltr'><strong>seu</strong></span> <span class='ocrx_word' id='word_1_468' title='bbox 2527 3362 2588 3418; x_wconf 88' lang='lat' dir='ltr'><strong>in</strong></span> <span class='ocrx_word' id='word_1_469' title='bbox 2616 3361 2736 3436; x_wconf 88' lang='lat' dir='ltr'><strong>ipsa</strong></span> <span class='ocrx_word' id='word_1_470' title='bbox 2763 3362 3130 3435; x_wconf 85' lang='lat' dir='ltr'><strong>possibilitate</strong></span> <span class='ocrx_word' id='word_1_471' title='bbox 3157 3365 3245 3420; x_wconf 87' lang='lat' dir='ltr'><strong>vel</strong></span> <span class='ocrx_word' id='word_1_472' title='bbox 3276 3381 3358 3420; x_wconf 87' lang='lat' dir='ltr'><strong>es-</strong></span> 
     </span>
     <span class='ocr_line' id='line_1_72' title="bbox 1779 3450 3362 3532; baseline 0.001 -24"><span class='ocrx_word' id='word_1_473' title='bbox 1779 3452 1955 3509; x_wconf 87' lang='lat' dir='ltr'><strong>sentia</strong></span> <span class='ocrx_word' id='word_1_474' title='bbox 1967 3493 1986 3526; x_wconf 93' lang='lat'><strong>,</strong></span> <span class='ocrx_word' id='word_1_475' title='bbox 2029 3469 2148 3508; x_wconf 89' lang='lat' dir='ltr'><strong>esse</strong></span> <span class='ocrx_word' id='word_1_476' title='bbox 2175 3451 2508 3532; x_wconf 79' lang='lat' dir='ltr'><strong>exigentiam</strong></span> <span class='ocrx_word' id='word_1_477' title='bbox 2536 3450 2878 3524; x_wconf 81' lang='lat' dir='ltr'><strong>existentiae,</strong></span> <span class='ocrx_word' id='word_1_478' title='bbox 2908 3451 2996 3508; x_wconf 89' lang='lat' dir='ltr'><strong>vel</strong></span> <span class='ocrx_word' id='word_1_479' title='bbox 3039 3450 3144 3526; x_wconf 86' lang='lat' dir='ltr'><strong>(ut</strong></span> <span class='ocrx_word' id='word_1_480' title='bbox 3170 3451 3249 3510; x_wconf 88' lang='lat' dir='ltr'><strong>sic</strong></span> <span class='ocrx_word' id='word_1_481' title='bbox 3277 3452 3362 3510; x_wconf 90' lang='lat' dir='ltr'><strong>di-</strong></span> 
     </span>
     <span class='ocr_line' id='line_1_73' title="bbox 1778 3539 3358 3616; baseline 0 -18"><span class='ocrx_word' id='word_1_482' title='bbox 1778 3541 1942 3612; x_wconf 84' lang='lat' dir='ltr'><strong>cam)</strong></span> <span class='ocrx_word' id='word_1_483' title='bbox 1982 3539 2418 3616; x_wconf 86' lang='lat' dir='ltr'><strong>praetensionem</strong></span> <span class='ocrx_word' id='word_1_484' title='bbox 2453 3540 2526 3596; x_wconf 87' lang='lat' dir='ltr'><strong>ad</strong></span> <span class='ocrx_word' id='word_1_485' title='bbox 2575 3540 2920 3596; x_wconf 84' lang='lat' dir='ltr'><strong>existendum</strong></span> <span class='ocrx_word' id='word_1_486' title='bbox 2959 3544 3044 3614; x_wconf 88' lang='lat' dir='ltr'><strong>et,</strong></span> <span class='ocrx_word' id='word_1_487' title='bbox 3085 3545 3147 3596; x_wconf 89' lang='lat' dir='ltr'><strong>ut</strong></span> <span class='ocrx_word' id='word_1_488' title='bbox 3187 3542 3358 3598; x_wconf 83' lang='lat' dir='ltr'><strong>verbo</strong></span> 
     </span>
     <span class='ocr_line' id='line_1_74' title="bbox 1778 3626 3358 3703; baseline 0 -17"><span class='ocrx_word' id='word_1_489' title='bbox 1778 3629 2134 3703; x_wconf 84' lang='lat' dir='ltr'><strong>complectar,</strong></span> <span class='ocrx_word' id='word_1_490' title='bbox 2176 3626 2467 3684; x_wconf 80' lang='lat' dir='ltr'><strong>essentiam</strong></span> <span class='ocrx_word' id='word_1_491' title='bbox 2513 3645 2610 3701; x_wconf 86' lang='lat' dir='ltr'><strong>per</strong></span> <span class='ocrx_word' id='word_1_492' title='bbox 2647 3645 2706 3682; x_wconf 91' lang='lat' dir='ltr'><strong>se</strong></span> <span class='ocrx_word' id='word_1_493' title='bbox 2746 3629 2968 3684; x_wconf 85' lang='lat' dir='ltr'><strong>tendere</strong></span> <span class='ocrx_word' id='word_1_494' title='bbox 3009 3629 3082 3685; x_wconf 91' lang='lat' dir='ltr'><strong>ad</strong></span> <span class='ocrx_word' id='word_1_495' title='bbox 3122 3629 3358 3686; x_wconf 88' lang='lat' dir='ltr'><strong>existen-</strong></span> 
     </span>
     <span class='ocr_line' id='line_1_75' title="bbox 1778 3716 3357 3790; baseline 0 -16"><span class='ocrx_word' id='word_1_496' title='bbox 1778 3719 1934 3774; x_wconf 83' lang='lat' dir='ltr'><strong>tiam.</strong></span> <span class='ocrx_word' id='word_1_497' title='bbox 1999 3717 2160 3774; x_wconf 87' lang='lat' dir='ltr'><strong>Unde</strong></span> <span class='ocrx_word' id='word_1_498' title='bbox 2187 3734 2352 3790; x_wconf 88' lang='lat' dir='ltr'><strong>porro</strong></span> <span class='ocrx_word' id='word_1_499' title='bbox 2381 3716 2648 3788; x_wconf 82' lang='lat' dir='ltr'><strong>sequitur,</strong></span> <span class='ocrx_word' id='word_1_500' title='bbox 2690 3716 2878 3772; x_wconf 86' lang='lat' dir='ltr'><strong>omnia</strong></span> <span class='ocrx_word' id='word_1_501' title='bbox 2905 3716 3218 3790; x_wconf 86' lang='lat' dir='ltr'><strong>possibilia,</strong></span> <span class='ocrx_word' id='word_1_502' title='bbox 3257 3733 3357 3774; x_wconf 90' lang='lat' dir='ltr'><strong>seu</strong></span> 
     </span>
     <span class='ocr_line' id='line_1_76' title="bbox 1776 3803 3355 3878; baseline -0.001 -15"><span class='ocrx_word' id='word_1_503' title='bbox 1776 3806 2070 3864; x_wconf 87' lang='lat' dir='ltr'><strong>essentiam</strong></span> <span class='ocrx_word' id='word_1_504' title='bbox 2119 3804 2209 3860; x_wconf 88' lang='lat' dir='ltr'><strong>vel</strong></span> <span class='ocrx_word' id='word_1_505' title='bbox 2255 3804 2558 3860; x_wconf 74' lang='lat' dir='ltr'><strong>roelitatem</strong></span> <span class='ocrx_word' id='word_1_506' title='bbox 2607 3803 2924 3876; x_wconf 87' lang='lat' dir='ltr'><strong>possibilem</strong></span> <span class='ocrx_word' id='word_1_507' title='bbox 2973 3804 3355 3878; x_wconf 81' lang='lat' dir='ltr'><strong>exprimentia,</strong></span> 
     </span>
     <span class='ocr_line' id='line_1_77' title="bbox 1774 3891 3356 3976; baseline -0.001 -24"><span class='ocrx_word' id='word_1_508' title='bbox 1774 3894 1897 3970; x_wconf 90' lang='lat' dir='ltr'><strong>pari</strong></span> <span class='ocrx_word' id='word_1_509' title='bbox 1931 3893 2058 3964; x_wconf 86' lang='lat' dir='ltr'><strong>jure</strong></span> <span class='ocrx_word' id='word_1_510' title='bbox 2095 3894 2169 3950; x_wconf 85' lang='lat' dir='ltr'><strong>ad</strong></span> <span class='ocrx_word' id='word_1_511' title='bbox 2205 3892 2502 3976; x_wconf 47' lang='lat' dir='ltr'><strong>essentiam</strong></span> <span class='ocrx_word' id='word_1_512' title='bbox 2544 3893 2764 3948; x_wconf 89' lang='lat' dir='ltr'><strong>tendere</strong></span> <span class='ocrx_word' id='word_1_513' title='bbox 2801 3909 2903 3966; x_wconf 86' lang='lat' dir='ltr'><strong>pro</strong></span> <span class='ocrx_word' id='word_1_514' title='bbox 2941 3891 3246 3964; x_wconf 86' lang='lat' dir='ltr'><strong>quantitate</strong></span> <span class='ocrx_word' id='word_1_515' title='bbox 3273 3911 3356 3950; x_wconf 83' lang='lat' dir='ltr'><strong>es-</strong></span> 
     </span>
     <span class='ocr_line' id='line_1_78' title="bbox 1772 3980 3354 4056; baseline -0.001 -16"><span class='ocrx_word' id='word_1_516' title='bbox 1772 3983 1980 4042; x_wconf 85' lang='lat' dir='ltr'><strong>sentiae</strong></span> <span class='ocrx_word' id='word_1_517' title='bbox 2029 4000 2126 4040; x_wconf 89' lang='lat' dir='ltr'><strong>seu</strong></span> <span class='ocrx_word' id='word_1_518' title='bbox 2172 3980 2464 4056; x_wconf 80' lang='lat' dir='ltr'><strong>realitatiS,</strong></span> <span class='ocrx_word' id='word_1_519' title='bbox 2519 3981 2609 4037; x_wconf 84' lang='lat' dir='ltr'><strong>vel</strong></span> <span class='ocrx_word' id='word_1_520' title='bbox 2655 3998 2756 4054; x_wconf 88' lang='lat' dir='ltr'><strong>pro</strong></span> <span class='ocrx_word' id='word_1_521' title='bbox 2797 3980 2968 4054; x_wconf 85' lang='lat' dir='ltr'><strong>gradu</strong></span> <span class='ocrx_word' id='word_1_522' title='bbox 3007 3980 3354 4054; x_wconf 77' lang='lat' dir='ltr'><strong>persecfionis</strong></span> 
     </span>
     <span class='ocr_line' id='line_1_79' title="bbox 1772 4068 3354 4148; baseline 0 -18"><span class='ocrx_word' id='word_1_523' title='bbox 1772 4090 1936 4148; x_wconf 89' lang='lat' dir='ltr'><strong>quem</strong></span> <span class='ocrx_word' id='word_1_524' title='bbox 1963 4072 2280 4142; x_wconf 75' lang='lat' dir='ltr'><strong>involvunt3</strong></span> <span class='ocrx_word' id='word_1_525' title='bbox 2310 4074 2391 4126; x_wconf 77' lang='lat' dir='ltr'><strong>est</strong></span> <span class='ocrx_word' id='word_1_526' title='bbox 2411 4069 2560 4126; x_wconf 88' lang='lat' dir='ltr'><strong>enim</strong></span> <span class='ocrx_word' id='word_1_527' title='bbox 2580 4069 2838 4144; x_wconf 83' lang='lat' dir='ltr'><strong>perfectio</strong></span> <span class='ocrx_word' id='word_1_528' title='bbox 2861 4068 2996 4124; x_wconf 91' lang='lat' dir='ltr'><strong>nihil</strong></span> <span class='ocrx_word' id='word_1_529' title='bbox 3015 4069 3167 4126; x_wconf 88' lang='lat' dir='ltr'><strong>aliud</strong></span> <span class='ocrx_word' id='word_1_530' title='bbox 3187 4086 3354 4144; x_wconf 86' lang='lat' dir='ltr'><strong>quam</strong></span> 
     </span>
     <span class='ocr_line' id='line_1_80' title="bbox 1768 4160 2356 4234; baseline -0.009 -14"><span class='ocrx_word' id='word_1_531' title='bbox 1768 4161 2038 4220; x_wconf 87' lang='lat' dir='ltr'><strong>essentiae</strong></span> <span class='ocrx_word' id='word_1_532' title='bbox 2063 4160 2356 4234; x_wconf 87' lang='lat' dir='ltr'><strong>quantitas.</strong></span> 
     </span>
    </p>

    <p class='ocr_par' dir='ltr' id='par_1_12' title="bbox 1770 4245 3354 4944">
     <span class='ocr_line' id='line_1_81' title="bbox 1859 4245 3354 4320; baseline 0.001 -14"><span class='ocrx_word' id='word_1_533' title='bbox 1859 4251 2004 4307; x_wconf 86' lang='lat' dir='ltr'><strong>Hinc</strong></span> <span class='ocrx_word' id='word_1_534' title='bbox 2043 4267 2173 4306; x_wconf 87' lang='lat' dir='ltr'><strong>vero</strong></span> <span class='ocrx_word' id='word_1_535' title='bbox 2203 4247 2646 4306; x_wconf 78' lang='lat' dir='ltr'><strong>manifestissime</strong></span> <span class='ocrx_word' id='word_1_536' title='bbox 2672 4245 2994 4320; x_wconf 86' lang='lat' dir='ltr'><strong>intelligitur</strong></span> <span class='ocrx_word' id='word_1_537' title='bbox 3022 4263 3098 4304; x_wconf 84' lang='lat' dir='ltr'><strong>ex</strong></span> <span class='ocrx_word' id='word_1_538' title='bbox 3125 4247 3354 4308; x_wconf 78' lang='lat' dir='ltr'><strong>infinitis</strong></span> 
     </span>
     <span class='ocr_line' id='line_1_82' title="bbox 1772 4336 3352 4414; baseline -0.002 -19"><span class='ocrx_word' id='word_1_539' title='bbox 1772 4339 2119 4414; x_wconf 88' lang='lat' dir='ltr'><strong>possibilium</strong></span> <span class='ocrx_word' id='word_1_540' title='bbox 2155 4337 2652 4399; x_wconf 85' lang='lat' dir='ltr'><strong>combinationibus</strong></span> <span class='ocrx_word' id='word_1_541' title='bbox 2690 4336 3037 4410; x_wconf 88' lang='lat' dir='ltr'><strong>seriebusque</strong></span> <span class='ocrx_word' id='word_1_542' title='bbox 3076 4337 3352 4410; x_wconf 82' lang='lat' dir='ltr'><strong>possibili-</strong></span> 
     </span>
     <span class='ocr_line' id='line_1_83' title="bbox 1772 4425 3353 4501; baseline -0.001 -15"><span class='ocrx_word' id='word_1_543' title='bbox 1772 4430 1877 4488; x_wconf 87' lang='lat' dir='ltr'><strong>bus</strong></span> <span class='ocrx_word' id='word_1_544' title='bbox 1903 4428 2137 4486; x_wconf 85' lang='lat' dir='ltr'><strong>existere</strong></span> <span class='ocrx_word' id='word_1_545' title='bbox 2156 4443 2298 4501; x_wconf 87' lang='lat' dir='ltr'><strong>eam,</strong></span> <span class='ocrx_word' id='word_1_546' title='bbox 2321 4443 2420 4498; x_wconf 88' lang='lat' dir='ltr'><strong>per</strong></span> <span class='ocrx_word' id='word_1_547' title='bbox 2447 4442 2614 4498; x_wconf 88' lang='lat' dir='ltr'><strong>qnam</strong></span> <span class='ocrx_word' id='word_1_548' title='bbox 2639 4425 2938 4498; x_wconf 89' lang='lat' dir='ltr'><strong>plurimum</strong></span> <span class='ocrx_word' id='word_1_549' title='bbox 2966 4426 3234 4483; x_wconf 81' lang='lat' dir='ltr'><strong>essentiae</strong></span> <span class='ocrx_word' id='word_1_550' title='bbox 3254 4445 3353 4484; x_wconf 89' lang='lat' dir='ltr'><strong>seu</strong></span> 
     </span>
     <span class='ocr_line' id='line_1_84' title="bbox 1772 4513 3352 4592; baseline -0.001 -19"><span class='ocrx_word' id='word_1_551' title='bbox 1772 4517 2150 4592; x_wconf 84' lang='lat' dir='ltr'><strong>possibilitatis</strong></span> <span class='ocrx_word' id='word_1_552' title='bbox 2178 4514 2488 4590; x_wconf 85' lang='lat' dir='ltr'><strong>perducitur</strong></span> <span class='ocrx_word' id='word_1_553' title='bbox 2507 4515 2580 4572; x_wconf 89' lang='lat' dir='ltr'><strong>ad</strong></span> <span class='ocrx_word' id='word_1_554' title='bbox 2598 4513 2964 4572; x_wconf 82' lang='lat' dir='ltr'><strong>existendum.</strong></span> <span class='ocrx_word' id='word_1_555' title='bbox 3007 4515 3229 4589; x_wconf 86' lang='lat' dir='ltr'><strong>Semper</strong></span> <span class='ocrx_word' id='word_1_556' title='bbox 3249 4515 3352 4572; x_wconf 88' lang='lat' dir='ltr'><strong>sci-</strong></span> 
     </span>
     <span class='ocr_line' id='line_1_85' title="bbox 1772 4602 3352 4677; baseline -0.001 -14"><span class='ocrx_word' id='word_1_557' title='bbox 1772 4606 1902 4664; x_wconf 89' lang='lat' dir='ltr'><strong>licet</strong></span> <span class='ocrx_word' id='word_1_558' title='bbox 1939 4609 2024 4662; x_wconf 88' lang='lat' dir='ltr'><strong>est</strong></span> <span class='ocrx_word' id='word_1_559' title='bbox 2060 4604 2121 4659; x_wconf 90' lang='lat' dir='ltr'><strong>in</strong></span> <span class='ocrx_word' id='word_1_560' title='bbox 2157 4605 2321 4662; x_wconf 90' lang='lat' dir='ltr'><strong>rebus</strong></span> <span class='ocrx_word' id='word_1_561' title='bbox 2349 4602 2676 4677; x_wconf 88' lang='lat' dir='ltr'><strong>principium</strong></span> <span class='ocrx_word' id='word_1_562' title='bbox 2705 4603 3176 4660; x_wconf 85' lang='lat' dir='ltr'><strong>determinationis</strong></span> <span class='ocrx_word' id='word_1_563' title='bbox 3203 4605 3352 4677; x_wconf 90' lang='lat' dir='ltr'><strong>quod</strong></span> 
     </span>
     <span class='ocr_line' id='line_1_86' title="bbox 1772 4691 3350 4766; baseline -0.001 -14"><span class='ocrx_word' id='word_1_564' title='bbox 1772 4713 1809 4752; x_wconf 89' lang='lat' dir='ltr'><strong>a</strong></span> <span class='ocrx_word' id='word_1_565' title='bbox 1835 4694 2082 4752; x_wconf 82' lang='lat' dir='ltr'><strong>maximo</strong></span> <span class='ocrx_word' id='word_1_566' title='bbox 2111 4693 2410 4750; x_wconf 87' lang='lat' dir='ltr'><strong>minimove</strong></span> <span class='ocrx_word' id='word_1_567' title='bbox 2430 4691 2724 4766; x_wconf 86' lang='lat' dir='ltr'><strong>petendum</strong></span> <span class='ocrx_word' id='word_1_568' title='bbox 2743 4695 2844 4766; x_wconf 81' lang='lat' dir='ltr'><strong>est,</strong></span> <span class='ocrx_word' id='word_1_569' title='bbox 2873 4697 2936 4748; x_wconf 92' lang='lat' dir='ltr'><strong>ut</strong></span> <span class='ocrx_word' id='word_1_570' title='bbox 2956 4709 3153 4766; x_wconf 86' lang='lat' dir='ltr'><strong>nempe</strong></span> <span class='ocrx_word' id='word_1_571' title='bbox 3172 4693 3350 4750; x_wconf 81' lang='lat' dir='ltr'><strong>maxi-</strong></span> 
     </span>
     <span class='ocr_line' id='line_1_87' title="bbox 1772 4781 3347 4856; baseline -0.001 -16"><span class='ocrx_word' id='word_1_572' title='bbox 1772 4800 1896 4840; x_wconf 89' lang='lat' dir='ltr'><strong>mus</strong></span> <span class='ocrx_word' id='word_1_573' title='bbox 1923 4787 2226 4856; x_wconf 68' lang='lat' dir='ltr'><strong>praestetur</strong></span> <span class='ocrx_word' id='word_1_574' title='bbox 2251 4783 2472 4840; x_wconf 78' lang='lat' dir='ltr'><strong>effectus</strong></span> <span class='ocrx_word' id='word_1_575' title='bbox 2501 4781 2734 4838; x_wconf 80' lang='lat' dir='ltr'><strong>minimo</strong></span> <span class='ocrx_word' id='word_1_576' title='bbox 2763 4785 2825 4837; x_wconf 89' lang='lat' dir='ltr'><strong>ut</strong></span> <span class='ocrx_word' id='word_1_577' title='bbox 2849 4781 2928 4837; x_wconf 86' lang='lat' dir='ltr'><strong>sic</strong></span> <span class='ocrx_word' id='word_1_578' title='bbox 2949 4782 3128 4838; x_wconf 87' lang='lat' dir='ltr'><strong>dicam</strong></span> <span class='ocrx_word' id='word_1_579' title='bbox 3147 4784 3347 4838; x_wconf 88' lang='lat' dir='ltr'><strong>sumtu.</strong></span> 
     </span>
     <span class='ocr_line' id='line_1_88' title="bbox 1770 4871 3346 4944; baseline -0.002 -15"><span class='ocrx_word' id='word_1_580' title='bbox 1770 4873 1847 4930; x_wconf 92' lang='lat' dir='ltr'><strong>Et</strong></span> <span class='ocrx_word' id='word_1_581' title='bbox 1875 4873 1978 4928; x_wconf 87' lang='lat' dir='ltr'><strong>hoc</strong></span> <span class='ocrx_word' id='word_1_582' title='bbox 2003 4873 2125 4928; x_wconf 92' lang='lat' dir='ltr'><strong>loco</strong></span> <span class='ocrx_word' id='word_1_583' title='bbox 2155 4876 2385 4944; x_wconf 88' lang='lat' dir='ltr'><strong>tempus,</strong></span> <span class='ocrx_word' id='word_1_584' title='bbox 2415 4871 2594 4944; x_wconf 89' lang='lat' dir='ltr'><strong>locus,</strong></span> <span class='ocrx_word' id='word_1_585' title='bbox 2629 4874 2728 4926; x_wconf 86' lang='lat' dir='ltr'><strong>aut</strong></span> <span class='ocrx_word' id='word_1_586' title='bbox 2755 4873 2818 4926; x_wconf 90' lang='lat' dir='ltr'><strong>ut</strong></span> <span class='ocrx_word' id='word_1_587' title='bbox 2844 4871 3015 4928; x_wconf 86' lang='lat' dir='ltr'><strong>verbo</strong></span> <span class='ocrx_word' id='word_1_588' title='bbox 3043 4871 3238 4944; x_wconf 87' lang='lat' dir='ltr'><strong>dicam,</strong></span> <span class='ocrx_word' id='word_1_589' title='bbox 3262 4887 3346 4936; x_wconf 85' lang='lat' dir='ltr'><strong>re·</strong></span> 
     </span>
    </p>
   </div>
   <div class='ocr_carea' id='block_1_11' title="bbox 1772 4957 3476 5035">
    <p class='ocr_par' dir='ltr' id='par_1_13' title="bbox 1772 4957 3476 5035">
     <span class='ocr_line' id='line_1_89' title="bbox 1772 4957 3476 5035; baseline -0.005 -15"><span class='ocrx_word' id='word_1_590' title='bbox 1772 4960 2056 5035; x_wconf 86' lang='lat' dir='ltr'><strong>ceptivitas</strong></span> <span class='ocrx_word' id='word_1_591' title='bbox 2102 4961 2191 5016; x_wconf 86' lang='lat' dir='ltr'><strong>vel</strong></span> <span class='ocrx_word' id='word_1_592' title='bbox 2237 4959 2508 5033; x_wconf 62' lang='lat' dir='ltr'><strong>capacitas</strong></span> <span class='ocrx_word' id='word_1_593' title='bbox 2558 4957 2750 5016; x_wconf 83' lang='lat' dir='ltr'><strong>mundi</strong></span> <span class='ocrx_word' id='word_1_594' title='bbox 2800 4957 2988 5016; x_wconf 82' lang='lat' dir='ltr'><strong>haberi</strong></span> <span class='ocrx_word' id='word_1_595' title='bbox 3025 4962 3204 5032; x_wconf 69' lang='lat' dir='ltr'><strong>potest</strong></span> <span class='ocrx_word' id='word_1_596' title='bbox 3241 4973 3343 5032; x_wconf 87' lang='lat' dir='ltr'><strong>pro</strong></span> <span class='ocrx_word' id='word_1_597' title='bbox 3467 4969 3476 4977; x_wconf 87' lang='lat'><em>·</em></span> 
     </span>
    </p>
   </div>
   <div class='ocr_carea' id='block_1_12' title="bbox 1772 5047 3344 5281">
    <p class='ocr_par' dir='ltr' id='par_1_14' title="bbox 1772 5047 3344 5281">
     <span class='ocr_line' id='line_1_90' title="bbox 1772 5047 3344 5122; baseline -0.003 -16"><span class='ocrx_word' id='word_1_598' title='bbox 1772 5054 1956 5106; x_wconf 88' lang='lat' dir='ltr'><strong>sumtu</strong></span> <span class='ocrx_word' id='word_1_599' title='bbox 1989 5049 2105 5106; x_wconf 88' lang='lat' dir='ltr'><strong>sive</strong></span> <span class='ocrx_word' id='word_1_600' title='bbox 2133 5053 2346 5106; x_wconf 79' lang='lat' dir='ltr'><strong>ten-eno</strong></span> <span class='ocrx_word' id='word_1_601' title='bbox 2377 5048 2437 5104; x_wconf 89' lang='lat' dir='ltr'><strong>in</strong></span> <span class='ocrx_word' id='word_1_602' title='bbox 2463 5064 2574 5122; x_wconf 87' lang='lat' dir='ltr'><strong>quo</strong></span> <span class='ocrx_word' id='word_1_603' title='bbox 2601 5063 2768 5122; x_wconf 88' lang='lat' dir='ltr'><strong>quam</strong></span> <span class='ocrx_word' id='word_1_604' title='bbox 2793 5047 3231 5104; x_wconf 80' lang='lat' dir='ltr'><strong>commodissime</strong></span> <span class='ocrx_word' id='word_1_605' title='bbox 3259 5051 3344 5102; x_wconf 87' lang='lat' dir='ltr'><strong>est</strong></span> 
     </span>
     <span class='ocr_line' id='line_1_91' title="bbox 1772 5137 3342 5281; baseline -0.004 -83"><span class='ocrx_word' id='word_1_606' title='bbox 1772 5138 2196 5212; x_wconf 83' lang='lat' dir='ltr'><strong>aedificandum,</strong></span> <span class='ocrx_word' id='word_1_607' title='bbox 2240 5141 2538 5198; x_wconf 85' lang='lat' dir='ltr'><strong>formarum</strong></span> <span class='ocrx_word' id='word_1_608' title='bbox 2575 5143 2762 5281; x_wconf 56' lang='lat' dir='ltr'><strong>atlitgm</strong></span> <span class='ocrx_word' id='word_1_609' title='bbox 2797 5137 3085 5194; x_wconf 76' lang='lat' dir='ltr'><strong>varietates</strong></span> <span class='ocrx_word' id='word_1_610' title='bbox 3121 5151 3342 5208; x_wconf 89' lang='lat' dir='ltr'><strong>respon-</strong></span> 
     </span>
    </p>
   </div>
  </div>
 </body>
</html>
