3717 5850
1170 313 1241 374 11.
1298 313 1634 374 DEARTE
1666 313 2244 376 OOMBmA'romA.

92 453 1663 528 ‘57E-g.in5.re1uma.b.c.d.e.1nionibusdatum
1762 457 2593 523 tmnB.Quaeraturmetlium.
2664 461 3275 538 Mediumeritpm,

169 549 340 619 eaput
365 561 424 600 a.
449 542 722 618 reperitur
755 545 809 602 1.
837 543 974 616 viee,
1003 543 1177 618 (quae
1213 550 1300 602 est
1331 545 1663 620 nulli0,seu

175 633 316 690 ollio
352 633 428 690 de
470 633 571 704 4.)
599 633 796 690 datum
830 637 998 705 eaput
1033 650 1086 690 a.
1115 635 1446 692 b.011aviee
1485 635 1662 708 (quae

173 727 260 780 est
281 738 454 796 super
475 721 636 795 ollio,
665 726 732 778 ut
755 722 838 778 ita
865 721 1046 778 dicam
1073 723 1144 779 de
1175 723 1271 794 3.)
1309 724 1369 782 in
1395 724 1661 782 comzna-

173 811 424 870 tionibus
479 811 780 868 earundem
837 810 976 867 illud
1031 812 1300 886 reperitur
1357 813 1566 870 vicibus
1597 815 1658 868 4.

175 901 346 975 (quae
373 903 510 956 mt
539 899 772 956 lniones
799 899 977 969 de4.)
1006 899 1112 956 hoc
1145 901 1199 957 1.
1245 901 1414 974 (quae
1448 907 1534 958 est
1573 901 1660 958 01-

173 989 258 1047 lio
282 989 354 1045 de
384 988 476 1060 3.)
507 988 570 1044 in
585 987 1052 1046 emanationibus
1069 988 1208 1046 illud
1229 991 1285 1046 6.
1309 990 1658 1060 (eom2natio

175 1079 246 1136 de
269 1069 358 1154 4.)
375 1078 484 1134 hoc
498 1077 556 1132 3.
575 1070 746 1155 (lnio
765 1077 834 1134 de
849 1077 934 1153 3.)
953 1077 1016 1133 in
1031 1079 1500 1138 eon4nationibus
1518 1079 1656 1136 illud

179 1160 260 1244 4.)
284 1163 636 1245 (emanatio
657 1166 728 1222 de
742 1167 824 1236 4.)
845 1166 1018 1223 1:003.
1031 1160 1380 1244 (oomznauo
1400 1168 1469 1224 de
1486 1160 1573 1244 3.)
1593 1168 1654 1224 in
1702 1143 1710 1164 '

177 1254 946 1328 con5nationibusutrobiquc
963 1255 1158 1313 Lviee.
1171 1250 1314 1334 (illic
1332 1257 1650 1331 eon4natio‚

177 1345 258 1402 liic
295 1344 612 1402 coriamfio
649 1344 720 1400 de
760 1337 862 1420 3.).
917 1343 1038 1402 Hae
1077 1346 1486 1419 oomplexiones
1523 1350 1656 1404 sunt

177 1435 306 1490 clato
335 1436 670 1508 exponente,
699 1449 775 1489 ex
799 1448 1034 1505 quarum
1059 1435 1444 1507 aggregatione
1469 1434 1654 1492 oriun-

180 1528 264 1579 tur
299 1521 720 1598 eornlssexiones
755 1521 1090 1595 simplidter,
1129 1523 1228 1580 sed
1267 1523 1460 1580 etsie:
1499 1523 1560 1580 in
1593 1524 1651 1579 5.

177 1610 850 1685 rerumcomplexionibus
865 1611 1186 1684 simpliciter
1199 1605 1364 1689 (quae
1383 1615 1514 1669 sunt
1525 1613 1560 1668 3
1573 1605 1653 1688 1.)
1671 1603 1681 1626 “

177 1717 212 1756 a
243 1700 521 1774 reperitur
561 1698 774 1756 vicibus
834 1697 928 1756 15.
971 1692 1309 1776 (complexio
1335 1701 1657 1776 simpliciter

177 1789 244 1846 de
273 1781 368 1866 4.)
394 1805 436 1845 a
461 1790 502 1847 b
535 1788 570 1843 ἰ
607 1781 940 1865 (complexio
965 1789 1285 1863 simpliciter
1311 1791 1380 1846 de
1411 1784 1497 1867 3.)
1526 1789 1658 1846 vici-

94 1883 164 1940 78
179 1879 294 1936 bus.
353 1879 478 1934 Hac
503 1877 916 1950 complexiones
942 1882 1074 1934 sunt
1097 1895 1358 1938 numerus
1385 1878 1658 1948 subiecto-

177 1984 296 2024 rum
325 1967 708 2040 augustimum
735 1967 854 2022 dati
881 1967 1118 2022 termini.
1175 1967 1432 2036 Subiecta
1459 1983 1658 2040 aequa-

177 2056 268 2128 lia,
295 2056 526 2129 quando
555 2055 900 2112 definitiones
919 2055 1328 2114 definitionibus
1357 2056 1656 2126 subjiciun-

175 2150 288 2218 tur,
347 2144 548 2202 eadem
603 2144 862 2202 methodo
917 2143 1272 2202 inveniuntur
1325 2160 1436 2218 qua
1489 2161 1656 2219 supra

174 2233 489 2308 praedicata
535 2231 802 2305 aequalia.
889 2233 1136 2290 Termini
1182 2234 1332 2290 enim
1383 2235 1654 2307 aequales,

171 2327 310 2380 sunt
331 2326 552 2379 scs-vata
585 2321 894 2394 quantitate
933 2326 994 2379 et
1029 2322 1294 2396 qualitate
1328 2322 1657 2380 convertibi-

173 2412 274 2484 les,
303 2411 474 2484 igitur
508 2427 596 2488 ex*
620 2411 944 2484 praedicatis
979 2413 1120 2468 fiunt
1155 2409 1404 2480 subjecta
1445 2415 1504 2468 et
1527 2427 1658 2468 con-

173 2505 280 2572 ua,
325 2499 640 2574 praedicata
677 2503 863 2556 autem
898 2504 986 2556 tot
1023 2504 1182 2572 sunt,
1221 2505 1360 2574 quot
1395 2501 1511 2557 dati
1549 2504 1656 2557 ter·

171 2588 330 2662 mini,
361 2581 546 2665 (errius
567 2587 816 2656 subiecta
833 2583 1212 2666 quael-unum)
1241 2589 1464 2646 termini
1490 2588 1658 2663 primi

173 2679 384 2736 labent
431 2676 842 2750 complexiones
877 2676 1228 2751 simpliciter,
1269 2694 1323 2733 v.
1353 2697 1404 2751 g.
1435 2675 1480 2748 †
1507 2695 1560 2734 a.
1599 2677 1654 2734 1.

173 2784 208 2823 a
235 2767 296 2822 b.
329 2766 390 2822 2.
457 2765 686 2822 Additis
725 2765 850 2834 jam
901 2765 1160 2835 subjectis
1210 2767 1530 2839 aequalibus
1583 2766 1655 2822 ad

174 2854 559 2929 angustiora]
595 2851 641 2926 -1-
677 2855 776 2912 15.
805 2857 844 2912 f.
884 2855 980 2911 16.
1013 2855 1050 2909 2
1081 2851 1126 2927 †
1159 2855 1214 2912 7.
1245 2859 1284 2912 f.
1317 2857 1374 2912 9.
1414 2854 1658 2930 prodibit

175 2942 814 3013 numa-mmbjectorum
821 2944 1068 3001 omnium
1087 2944 1204 3003 dati
1217 2945 1452 3003 termini.
1479 2946 1657 3011 Quem

89 3038 117 3091 7
127 3038 161 3093 9
173 3038 294 3090 crat
319 3033 668 3107 popositum
687 3033 950 3090 invenire.
993 3033 1250 3103 SubJ’ecta
1260 3036 1520 3091 hactenus
1536 3033 1659 3089 uni·

177 3121 440 3195 remilia,
479 3126 694 3179 restant
729 3122 1097 3196 particularia,
1141 3140 1210 3179 ea
1243 3128 1330 3180 tot
1366 3128 1496 3179 sunt
1523 3126 1660 3195 quot

176 3212 492 3285 medimta
531 3210 896 3283 particularia.
963 3210 1282 3269 Praedicata
1320 3216 1378 3268 et
1413 3210 1660 3279 subjecta

177 3300 432 3373 negativa
456 3298 540 3356 sic
576 3298 948 3357 invenientur:
993 3304 1378 3385 computentur
1414 3316 1488 3359 ex
1515 3299 1658 3357 datis

182 3390 338 3445 ets-tis
365 3388 622 3445 terminis
661 3388 853 3461 primis
893 3393 1156 3461 tanquam
1183 3406 1416 3447 numero
1455 3405 1656 3461 rerum,

181 3493 370 3534 omes
405 3476 632 3533 termini
666 3481 786 3533 tam
819 3478 986 3551 primi
1021 3492 1190 3550 quam
1227 3478 1354 3551 orti,
1396 3481 1659 3551 tanquam

181 3565 590 3639 munilexiones
615 3565 950 3639 simpliciter,
993 3583 1044 3621 v.
1073 3584 1125 3640 g.
1167 3567 1216 3623 si
1245 3566 1468 3623 termini
1493 3567 1660 3641 primi

183 3653 290 3711 s‘nt
317 3656 358 3711 5
389 3658 554 3711 mint
587 3654 622 3709 3
635 3655 688 3711 l.
744 3656 834 3711 De
857 3655 1126 3727 producto
1163 3655 1516 3712 detrahantur
1541 3670 1661 3711 om·

185 3745 276 3799 nia
308 3743 630 3817 praedicata
667 3743 996 3801 affirmativa
1031 3742 1389 3816 universalia,
1441 3748 1498 3799 et
1533 3744 1661 3800 sub-

184 3830 328 3901 jecta
361 3831 682 3905 angustiora
719 3832 1052 3891 affirmat-iva
1090 3832 1452 3889 universalia.
1506 3830 1660 3889 Resi-

189 3921 354 3977 duum
377 3925 542 3977 erunt
569 3921 758 3977 omnia
784 3920 1096 3993 praedicata
1115 3922 1386 3994 negativa.
1425 3921 1512 3977 De
1533 3921 1662 3977 sub-

177 4009 334 4079 jectis
361 4014 576 4067 cunm.
643 4009 999 4069 Particularia
1039 4009 1294 4083 negativa
1331 4025 1408 4065 ex
1444 4009 1661 4067 univer-

183 4099 388 4155 salibus
438 4102 838 4171 computentur,
887 4098 972 4155 uti
1021 4114 1188 4171 supra
1237 4098 1362 4155 PA.
1415 4114 1490 4155 ex
1527 4097 1658 4155 UA.

183 4187 638 4260 computavimus-
717 4186 1016 4243 Omisimus
1071 4202 1205 4243 vero
1262 4187 1662 4260 propositionoe

183 4275 447 4333 idmtims
473 4275 608 4331 UA:
637 4288 872 4348 quarum
897 4279 1029 4332 sunt
1055 4280 1140 4331 tot
1165 4280 1302 4349 quot
1328 4275 1662 4349 complexio-

183 4381 276 4421 noe
303 4363 630 4437 simpliciter
647 4365 1008 4421 terminorum
1037 4364 1373 4438 primorum3
1401 4381 1499 4421 seu
1525 4367 1662 4437 quot

182 4456 306 4510 -t
333 4452 566 4509 omnino
593 4451 816 4509 termini
841 4458 900 4510 et
925 4452 1092 4526 primi
1119 4458 1180 4509 et
1205 4453 1334 4522 orti,
1376 4456 1508 4526 quia
1543 4452 1662 4524 qui-

180 4542 316 4598 libet
343 4541 614 4599 terminus
641 4542 732 4599 vel
758 4542 968 4615 primus
995 4542 1088 4599 vel
1127 4546 1282 4599 ortus
1319 4542 1391 4598 de
1433 4558 1494 4597 se
1529 4540 1662 4597 dici·

183 4635 282 4687 tur.
351 4630 644 4687 Gaetu-um
683 4630 830 4687 inter
866 4629 1272 4707 eoumlexiones
1309 4630 1434 4686 illas
1475 4628 1662 4686 omisi-

182 4734 318 4790 mus,
357 4718 424 4775 in
457 4720 662 4819 quibus
697 4718 848 4777 idem
883 4718 1150 4777 terminus
1185 4720 1476 4793 repetitur,
1519 4734 1662 4791 quae

183 4807 436 4882 repetitio
471 4807 536 4863 in
571 4807 854 4866 nonnullis
902 4807 1155 4908 producit
1201 4807 1562 4865 variationem
1599 4806 1660 4863 in

185 4896 474 4969 infinitum,
515 4901 584 4953 ut.
617 4896 680 4953 in
715 4895 976 4969 numeris,
1017 4901 1076 4953 et
1101 4896 1288 4969 figuris
1315 4896 1660 4969 geomeu-iae.

103 4984 172 5041 80
185 4985 471 5043 Metliodm
499 5002 670 5059 porro
695 4988 1018 5059 argumenta
1043 4984 1360 5043 inveniendi
1387 4984 1520 5043 haec
1547 4987 1660 5041 est.

189 5074 312 5131 Esto
339 5075 506 5131 datiis
531 5074 840 5147 quicunque
869 5074 1134 5131 tei-smnus
1176 5078 1440 5146 tanquam
1479 5072 1662 5143 subje

191 5168 344 5239 ειιιιιι,
375 5162 432 5223 A
459 5167 522 5221 et
557 5162 702 5223 alius
737 5163 1046 5239 quicunque
1085 5168 1350 5237 tauquam
1385 5162 1662 5237 praedica·
1697 5199 1702 5203 <

1759 547 2007 604 dicatum
2032 546 2263 615 subjecti
2290 550 2349 603 et
2374 546 2682 616 subiectum
2709 554 3025 626 praedicati,
3064 553 3124 610 id
3150 558 3236 610 est

1759 623 2025 692 tei-inians
2064 634 2371 708 quicunque
2406 637 2693 694 continens
2732 641 2815 714 A,
2853 647 2911 698 et
2946 646 3235 700 contentus

1757 741 1796 780 a
1821 724 1885 780 B.
1942 723 2235 782 continere
2269 728 2459 782 autem
2486 727 2753 784 terminus
2780 730 3073 788 terminum
3100 732 3235 790 ‹lici-

1758 816 1866 886 tur,
1908 811 1959 870 si
1998 829 2188 870 omnes
2225 811 2345 881 eius
2380 813 2602 872 termini
2640 816 2807 889 primi
2856 824 2989 876 sunt
3017 820 3079 876 in
3114 819 3231 878 illo.

1758 899 2202 958 Fundamentalis
2228 906 2415 958 autem
2452 903 2847 962 demonstratio
2884 911 2969 964 est
3002 908 3051 965 si
3090 913 3234 965 uter-

1755 1005 1867 1063 que
1891 990 2159 1046 terminus
2184 991 2491 1048 resolvatur
2516 992 2577 1048 in
2614 993 2841 1066 primos,
2880 995 3231 1054 manifestum

1755 1079 1867 1136 erit
1890 1079 2127 1136 alterum
2162 1078 2383 1136 alterius
2420 1084 2519 1136 aut
2544 1086 2759 1155 partem
2798 1099 2933 1158 effic,
2974 1087 3075 1140 aut
3110 1101 3232 1158 par-

1756 1168 1897 1224 tium
1942 1167 2259 1224 earundem.
2344 1169 2655 1226 Mediorum
2700 1175 2887 1228 autem
2944 1187 3233 1230 numerum

1753 1255 1833 1312 sic
1872 1257 2231 1314 inveniemus.
2302 1256 2621 1327 Subjectum
2658 1264 2717 1316 et
2744 1261 3115 1334 praedicatum
3143 1261 3233 1318 vel

1752 1345 2403 1420 suntineademclasse,
2432 1346 2779 1404 veldiversa.
2846 1349 3233 1424 Siineadem,

1753 1449 1969 1492 necesse
2003 1438 2089 1490 est
2113 1439 2405 1506 utrumque
2440 1436 2735 1492 tel-minimi
2769 1454 2887 1494 oese
2926 1442 3137 1511 ortum,
3176 1442 3237 1496 et

1756 1521 2117 1578 variationem
2153 1523 2463 1596 scriptionis
2508 1525 2705 1582 saltem
2754 1541 2852 1584 seu
2898 1526 3233 1584 definitionis

1755 1609 2003 1680 ejusdem
2031 1610 2269 1683 termini,
2300 1616 2559 1684 poterunt
2586 1613 2756 1684 igitur
2794 1615 2937 1672 duae
2962 1615 3233 1674 definitio-

1753 1717 1854 1756 nae
1880 1697 2125 1767 ejusdem
2154 1699 2375 1756 termini
2404 1716 2519 1757 non
2545 1701 2653 1756 nisi
2682 1718 2781 1774 per
2816 1705 3040 1760 tertiam
3076 1705 3147 1761 de
3172 1721 3234 1762 se

1756 1787 1993 1844 invicem
2018 1787 2256 1860 probari.
2316 1787 2491 1860 Igitur
2518 1788 2588 1846 de
2608 1805 2839 1847 numero
2856 1793 3234 1850 definitionum

1755 1875 2003 1946 eiusdem
2030 1876 2251 1932 termini
2288 1877 2416 1949 orti,
2458 1892 2622 1948 quem
2660 1878 3109 1952 investigavimus
3146 1899 3235 1940 su-

1755 1981 1856 2040 pra
1884 1982 1943 2022 ιι.
1978 1965 2081 2020 69.
2108 1965 2458 2022 subtrahatur
2490 1965 2547 2020 2.
2584 1966 2865 2024 raeiduum
2904 1969 3010 2026 erit
3044 1985 3235 2027 nume-

1755 2069 1849 2112 rus
1876 2053 2185 2110 mediorum
2210 2053 2555 2128 possibilium
2582 2054 2729 2114 inter
2746 2058 3010 2114 terminos
3036 2075 3233 2131 aequa-

3254 307 3345 383 25

1755 2143 1852 2200 les.
1922 2143 2022 2201 Sin
2048 2159 2165 2201 non
2202 2147 2333 2200 sunt
2360 2142 2419 2199 in
2448 2143 2641 2200 eadem
2668 2144 2855 2220 classe,
2884 2147 2993 2204 erit
3020 2147 3233 2219 praedi-
3252 2142 3329 2198 81

1755 2237 1941 2290 eatiim
1976 2232 2038 2288 iu
2080 2231 2249 2288 classe
2274 2230 2505 2290 nunoris
2542 2233 2884 2308 exponentis,
2926 2235 3236 2304 subjectum

1755 2321 1816 2377 in
1843 2321 2015 2378 classe
2042 2318 2283 2390 majoris.
2340 2320 2469 2378 Jam
2496 2327 2835 2395 supponatur
2861 2323 3236 2397 praedicatum

1757 2410 1909 2468 velut
1934 2413 2099 2482 eaput
2124 2409 2541 2484 complexionis,
2580 2427 2864 2484 exponens
2890 2413 3078 2470 elassis
3106 2415 3236 2472 sub·-

1748 2497 1887 2567 jecti
1914 2502 2253 2571 supponatur
2279 2514 2383 2571 pro
2410 2514 2641 2556 numero
2676 2515 2875 2556 rerum.
2945 2501 3235 2560 Invenianr

1756 2591 1846 2644 tur
1874 2603 2067 2644 omnes
2092 2586 2505 2659 complexiones
2530 2588 2647 2644 dati
2666 2588 2863 2662 capitis
2882 2590 3235 2662 mundares
3302 2605 3307 2612 ·

1756 2675 2347 2750 persingulasclasees
2386 2677 2621 2734 aclasse
2656 2677 2953 2750 praedicati
2988 2680 3065 2736 ad
3102 2679 3237 2738 clas-

1757 2781 1875 2822 sem
1932 2762 2165 2832 mbjeoti
2227 2764 2519 2836 inclusive3
2584 2765 2645 2822 in
2696 2765 2925 2838 singulis
2974 2768 3238 2826 classibus

1755 2852 2165 2927 complexiones
2204 2851 2319 2910 dati
2348 2852 2543 2928 eapitis
2580 2854 2933 2927 particulaies
2971 2857 3239 2914 ducantur

1757 2944 1820 2999 in
1857 2941 2265 3015 complexionae
2313 2942 2659 3018 simpliciter,
2701 2946 3028 3018 exponentis
3066 2946 3237 3019 ipsioe

1759 3030 1947 3089 classis
1985 3046 2089 3104 pro
2126 3046 2358 3089 numero
2395 3048 2581 3087 mmm
2616 3033 2902 3105 suppositi.
2961 3035 3236 3107 Aggrega-

1759 3124 1883 3177 tum
1910 3119 2160 3177 omnium
2186 3122 2457 3179 sactorum
2494 3120 2773 3179 subtracto
2808 3122 2863 3177 2.
2892 3122 3001 3179 erit
3024 3122 3237 3195 quaesi-

1759 3214 1895 3265 tum.
1954 3208 2335 3265 Praetlieatum
2360 3213 2547 3265 autem
2574 3208 2645 3267 de
2662 3210 2909 3279 subjecto
2936 3212 3127 3283 negari
3156 3213 3235 3269 fa-
3256 3212 3341 3268 82

1757 3298 1863 3355 cile
1889 3296 2248 3371 inveniemus,
2290 3297 2339 3353 si
2381 3302 2613 3371 utroque
2652 3299 2891 3357 termino
2930 3300 2993 3357 in
3028 3300 3237 3373 primos

1759 3386 2001 3443 resoluto
2040 3387 2395 3444 manifestum
2430 3391 2517 3443 eet
2552 3392 2811 3443 neutrum
2848 3388 3027 3445 altero
3064 3388 3238 3445 eonti-

1759 3474 1895 3533 ned.
1956 3474 2187 3533 Probari
2217 3480 2406 3531 tamen
2432 3476 2689 3549 negativa
2716 3476 2795 3532 sic
2823 3477 3055 3549 poterit:
3086 3477 3238 3535 inve-

1761 3564 1986 3620 niantur
2024 3562 2213 3621 omnia
2240 3564 2551 3636 praedicata
2578 3564 2828 3637 subjecti,
2860 3582 2987 3622 cum
3022 3566 3095 3623 de
3122 3582 3239 3622 om-

1759 3652 1929 3709 nibus
1952 3656 2179 3723 negetur
2196 3652 2585 3727 praedicatum,
2613 3652 2849 3711 totidem
2867 3658 3029 3711 erunt
3056 3654 3240 3711 media

1761 3739 2035 3815 probandi
2070 3739 2404 3812 negativam.
2488 3741 2845 3798 Inveniantur
2882 3741 3073 3799 omnia
3112 3742 3239 3799 eub-

1753 3828 1904 3899 jecta
1923 3828 2238 3901 praedicati,
2254 3842 2381 3885 cum
2390 3830 2579 3885 omnia
2596 3832 2864 3901 negentur
2883 3830 2953 3887 de
2970 3828 3237 3903 subjecto,

1759 3917 1932 3975 etiam
1958 3921 2119 3973 erunt
2144 3916 2377 3973 totidem
2404 3917 2589 3973 media
2608 3918 2883 3990 probandi
2909 3918 3237 3991 negativam.

1761 4005 2020 4078 Utrisque
2045 4004 2213 4077 igitur
2250 4006 2581 4079 computatis
2616 4022 2907 4063 numerum
2934 4007 3242 4065 mediorum

1761 4093 2033 4169 probandi
2056 4093 2371 4167 negativam
2406 4094 2749 4153 habebimus.
2814 4095 3241 4153 Admoveudum

1761 4183 1999 4256 denique
2024 4186 2125 4255 est,
2166 4186 2345 4239 totam
2380 4182 2523 4239 hanc
2560 4188 2735 4240 artem
2772 4184 3242 4257 complicum-iam

1761 4272 2026 4329 directam
2054 4286 2172 4327 esse
2198 4271 2271 4327 ad
2310 4272 2665 4343 theoremata,
2702 4288 2801 4329 seu
2839 4274 3244 4347 propositiones

1761 4378 1905 4433 quae
1958 4364 2089 4417 sunt
2143 4364 2398 4419 aeternae
2448 4360 2713 4434 veritatiS,
2774 4377 2871 4419 seu
2922 4378 3040 4419 non
3096 4362 3242 4419 arbi-

1762 4450 1871 4507 trio
1928 4448 2087 4521 DEI,
2136 4448 2231 4505 sed
2288 4465 2391 4507 sua
2444 4454 2647 4507 natura
2694 4452 2964 4507 constant.
3036 4451 3243 4507 Omnes

1762 4555 1897 4597 vero
1953 4537 2359 4611 propositiones
2428 4537 2731 4610 angulares
2791 4539 2951 4611 quasi
3016 4538 3242 4597 histo-

1760 4627 1977 4698 ricae,
2042 4644 2096 4683 v.
2158 4644 2212 4698 g.
2278 4626 2637 4699 Augustus
2694 4626 2803 4684 fuit
2862 4628 3241 4687 Romanorum

1762 4716 2085 4789 Ιιιιρθιειιοι,
2114 4717 2215 4771 aut
2240 4715 2815 4788 obser-vaticam,
2844 4715 2903 4773 id
2932 4720 3021 4773 est
3044 4734 3243 4791 propo-

1761 4804 1989 4861 sitiones
2024 4804 2381 4877 univemaloe‚
2420 4804 2519 4861 sed
2558 4819 2791 4876 quarum
2809 4804 3013 4863 veritas
3038 4822 3153 4863 non
3180 4806 3242 4863 ιιι

1761 4893 2015 4965 essentia,
2066 4893 2165 4951 sed
2214 4894 2509 4951 existentia
2558 4892 2789 4951 ftmdata
2836 4898 2949 4967 αις
2996 4910 3243 4967 quaeque

1761 4999 1923 5039 verae
1949 4985 2079 5039 sunt
2102 4983 2259 5053 quasi
2288 4998 2435 5055 casu,
2464 4981 2525 5040 id
2550 4986 2637 5039 est
2663 4982 2795 5041 DEI
2818 4983 3069 5055 arbitrio,
3101 4999 3157 5037 v.
3186 4999 3237 5053 g.

1761 5086 1953 5129 omnes
1980 5070 2231 5127 hornines
2257 5071 2431 5129 adulti
2460 5071 2521 5126 in
2550 5071 2775 5146 Europa
2810 5072 3018 5131 habeut
3058 5069 3241 5143 cogni·

1762 5160 1972 5219 tionem
2012 5159 2166 5217 DEI:
2226 5159 2447 5219 Talium
2494 5174 2609 5219 non
2648 5160 2811 5219 datur
2848 5158 3241 5218 demonstratio

2676 5250 2708 5303 4

3261 4099 3343 4167 83
