3717 5850
1887 476 2050 574 IV.

1554 654 2382 747 EPISTOLA

840 968 1760 1092 JACOBUM
1864 827 3094 1090 fDHOMASIUM.

1712 1294 2211 1386 1669.

336 1585 560 1640 (Marll
606 1581 843 1631 leolll
891 1583 951 1628 de
994 1582 1135 1630 veris
1181 1580 1437 1638 principiis
1492 1587 1543 1626 et
1590 1591 1716 1628 vera
1761 1581 1955 1626 ratione
1991 1580 2369 1637 philosophandi
2414 1585 2590 1627 eontra
2633 1579 3156 1636 pseudophilosophos
3201 1579 3338 1626 Libri
3385 1581 3475 1637 IV,
3525 1580 3615 1626 ln-

402 1657 575 1712 serlpti
608 1655 947 1702 illustrissimo
985 1654 1171 1700 Bai-oni
1208 1663 1241 1699 a
1276 1653 1561 1707 Bolneburg
1594 1655 1657 1698 ab
1696 1652 1884 1698 editore
1921 1655 1979 1699 (ἃ.
2017 1654 2077 1698 G.
2115 1655 2174 1699 L.
2209 1655 2270 1698 Ι..
2305 1653 2535 1698 Francos.
2575 1652 2732 1700 1671).
2765 1654 2814 1698 4.
2849 1671 2920 1682 -·-
2955 1652 3166 1699 Lelbn.
3201 1653 3326 1709 opp.
3365 1653 3444 1700 ed.
3483 1655 3614 1698 llu-

414 1734 545 1774 tens
581 1729 717 1774 Tum.
736 1727 823 1774 IV.
858 1728 917 1772 P.
942 1727 987 1772 1.
1024 1737 1072 1780 p.
1093 1721 1329 1778 ''l—19.)

420 1992 463 2049 1.
517 1992 699 2048 Tuum
737 1988 873 2046 illud
912 1987 1172 2046 historiae
1221 1987 1629 2060 philomphieae
1680 1984 1916 2060 γεῦμα

332 2081 443 2138 diei
478 2096 595 2137 non
623 2082 834 2151 potest,
884 2093 1052 2149 quam
1090 2077 1346 2132 omnibus
1384 2077 1617 2132 salivam
1658 2077 1914 2150 moverit,

332 2173 560 2244 apparet
588 2167 757 2242 enim,
810 2171 1079 2239 quantum
1116 2166 1261 2222 inter
1296 2165 1473 2222 nudas
1504 2165 1795 2222 nominum
1833 2183 1918 2222 re-

331 2259 613 2316 eensionoe
642 2261 699 2314 et
728 2256 1025 2329 profundas
1056 2255 1179 2310 illas
1200 2254 1268 2310 de
1297 2255 1689 2310 sententiarum
1716 2271 1919 2312 eonne-

334 2347 595 2404 xionibus
622 2345 863 2402 rationes
892 2345 1125 2401 intersit.
1166 2345 1238 2399 Et
1262 2348 1408 2401 certe
1436 2349 1707 2416 quotquot
1732 2359 1918 2400 rerum

333 2437 701 2508 intelligentes
728 2435 797 2490 de
824 2432 1121 2506 specimine
1148 2437 1247 2488 tuo
1275 2433 1425 2507 loqui
1456 2433 1621 2489 audio
1667 2433 1798 2502 (seis
1828 2447 1918 2487 me

334 2525 473 2581 nihil
501 2522 725 2580 auribus
746 2521 905 2591 dare)
936 2521 979 2577 ii
1008 2521 1341 2578 unanimiter
1368 2527 1727 2597 asseruerant,
1760 2539 1797 2578 a
1822 2539 1919 2578 ne·

334 2613 485 2670 mine
512 2629 625 2669 uno
666 2611 941 2684 integrum
978 2610 1235 2668 historiae
1277 2611 1681 2683 philosophicae
1720 2627 1918 2683 eorpus

332 2703 519 2776 potius
556 2699 861 2773 exspectari
899 2715 1075 2771 posse.
1153 2699 1405 2771 Plerique
1442 2699 1537 2754 alii
1577 2699 1919 2772 antiquitatis

334 2791 510 2863 magis
536 2805 705 2862 quam
730 2789 869 2844 artis
896 2788 1075 2860 periti,
1106 2787 1249 2843 vitas
1276 2788 1461 2860 potius
1500 2804 1666 2860 quam
1704 2793 1920 2846 senten-

334 2879 441 2936 tias
468 2879 629 2935 nobis
657 2877 939 2934 dederunt.
1028 2878 1115 2934 Tu
1152 2893 1269 2932 non
1306 2877 1779 2950 Philosophorum,
1822 2877 1918 2933 sed

333 2968 711 3043 philosophiae
757 2966 1045 3023 historiam
1094 2966 1269 3023 (labis.
1338 2966 1580 3022 Narrant
1616 2966 1679 3021 in
1716 2966 1919 3039 Anglia

332 3058 436 3115 sub
477 3056 666 3131 praelo
705 3072 823 3113 esse
870 3055 1161 3127 Josephi
1214 3055 1561 3111 Glanvilli
1612 3055 1919 3111 Historiam

331 3146 691 3205 nescentium
719 3144 847 3201 inde
875 3144 947 3200 ab
978 3143 1365 3201 Aristotele
1391 3144 1755 3200 seientiamm.
1810 3143 1917 3200 Sed

332 3237 491 3292 illum
518 3235 759 3291 arbitror
787 3236 899 3288 sere
926 3233 1353 3306 matliematiees,
1385 3237 1444 3288 et
1469 3233 1821 3303 mechaniees,
1860 3236 1918 3287 et

332 3324 581 3397 physices
608 3322 755 3379 illius
784 3321 1097 3379 curiosioris
1126 3325 1343 3378 tantum
1370 3320 1625 3391 periodos
1663 3326 1918 3392 sequutu-

331 3429 473 3486 rum,
526 3412 609 3467 ita
660 3410 783 3484 tibi,
837 3410 1035 3483 opinor
1048 3449 1065 3482 ,
1116 3409 1419 3483 praeripuit
1444 3408 1597 3464 nihil.
1688 3409 1916 3464 Utinam

332 3518 465 3557 vero
493 3500 567 3555 ad
594 3498 951 3555 recentiorem
979 3498 1119 3553 hane
1145 3502 1382 3554 aetatem
1410 3498 1617 3567 stylum
1656 3498 1915 3570 filumque

332 3590 629 3663 producas,
689 3592 746 3643 et
800 3586 1101 3643 admoneas
1158 3587 1523 3645 inconsultam
1565 3586 1914 3655 juventutem

330 3684 579 3735 nostram
592 3718 609 3751 ,
648 3692 825 3749 neque
858 3676 998 3732 nihil
1038 3677 1393 3733 novatoribus
1434 3676 1723 3733 tribuenda
1764 3694 1911 3732 osse:

330 3766 742 3841 Bageminus
784 3782 899 3822 non
946 3766 1095 3821 solus
1132 3770 1233 3839 est,
1284 3766 1373 3823 eui
1420 3782 1612 3821 eeusor
1649 3765 1910 3835 debeare3

330 3862 461 3913 sunt
508 3854 830 3927 Patrieii,
893 3853 1183 3929 Telesii,
1215 3854 1739 3928 campanellae,
1785 3854 1912 3910 Bo·

212 3956 229 3973 ‘
331 3946 513 4019 dini,
556 3944 861 4016 Nizolii,
903 3944 1361 4015 Fraeastorii,
1414 3942 1739 4015 Cardani,
1782 3944 1912 3999 Ga-

331 4034 519 4106 lilei,
551 4032 966 4105 Verulamii,
1002 4032 1365 4104 Gassendi,
1410 4030 1709 4103 Hobbii,
1749 4032 1913 4088 Car-

332 4123 527 4192 tesii,
558 4122 929 4193 BassoneS,
960 4120 1285 4192 Digbaei,
1316 4118 1669 4191 Sennerti,
1713 4120 1913 4192 Sper-

332 4210 565 4283 lingii,
596 4210 1021 4279 DerodoneS,
1062 4206 1461 4279 Deusingii,
1494 4210 1550 4261 et
1589 4207 1763 4262 multa
1802 4208 1915 4264 alia

330 4299 577 4371 nomina,
619 4298 679 4353 in
718 4313 859 4369 quae
896 4295 1271 4368 philosophiae
1309 4294 1539 4368 pallium
1576 4294 1912 4352 distrahitur.

330 4390 415 4445 De
464 4388 548 4445 his
597 4386 895 4443 munionem
932 4384 1139 4457 orbem,
1184 4382 1288 4440 tibi
1327 4384 1503 4456 luduS,
1544 4384 1765 4457 publioo
1805 4387 1914 4441 fru-

328 4482 448 4533 etus
474 4476 593 4532 erit.

416 4565 491 4622 Π.
538 4562 754 4620 Judieio
784 4566 881 4619 tuo
910 4562 979 4619 de
1006 4560 1390 4633 Bagemino
1430 4560 1550 4633 quis
1588 4578 1701 4619 non
1732 4579 1915 4618 assen-

330 4652 535 4710 tiatur!
615 4652 785 4708 Nulla
832 4651 893 4706 in
942 4650 1333 4724 hypothesibus
1384 4648 1501 4719 ejus
1552 4651 1909 4725 concinnitaS,

329 4744 483 4799 nulla
518 4742 799 4798 rationum
837 4740 1134 4812 connexiO,
1174 4740 1477 4795 sententiae
1518 4756 1651 4795 vero
1688 4757 1912 4813 prorsus

328 4835 687 4904 monstrosae,
742 4833 886 4885 certe
932 4829 1039 4885 nisi
1089 4827 1275 4900 aliqua
1324 4828 1386 4883 iu
1425 4828 1649 4899 physica
1684 4827 1911 4900 speciali

330 4920 643 4979 observatio
684 4918 844 4974 utilia
882 4918 1073 4989 habet,
1117 4916 1317 4973 rectius
1354 4916 1553 4971 silebit.
1621 4917 1910 4973 Caeterum

328 5011 465 5068 mihi
494 5010 749 5065 videntur
785 5007 1099 5062 sententiae·
1126 5004 1274 5061 illius
1314 5006 1382 5061 de
1421 5005 1559 5079 Deo,
1608 5006 1789 5077 prima
1827 5023 1910 5063 re-

328 5118 453 5157 rum
490 5098 721 5156 materia
758 5100 1009 5169 parentes
1059 5111 1176 5150 esse
1214 5093 1559 5165 Scaliger,
1612 5095 1907 5150 Senner-

332 5194 464 5262 tus,
495 5194 551 5245 et
578 5184 1019 5260 sperlingius
1046 5183 1209 5253 (nam
1238 5187 1294 5239 et
1324 5180 1441 5251 ejus
1483 5182 1803 5256 discipulum
1846 5202 1907 5241 se

2015 1983 2324 2066 profitetur)
2347 1989 2440 2062 qui
2471 1990 2722 2044 statuunt
2741 1988 2950 2044 formas
2967 1986 3141 2061 educi,
3163 2004 3278 2044 non
3299 2006 3332 2044 e
3353 1989 3618 2062 potentia

2015 2080 2277 2136 materiae
2315 2078 2560 2152 passiva,
2601 2076 2695 2132 sed
2737 2093 2770 2132 e
2797 2077 3048 2150 potentia
3085 2077 3366 2134 efficientis
3401 2079 3615 2134 activa.

2015 2168 2196 2233 Quare
2244 2183 2578 2240 consequens
2629 2170 2729 2237 est,
2781 2169 2844 2221 ut
2893 2166 3072 2222 Deum
3127 2166 3310 2240 potius
3359 2183 3462 2222 sua
3501 2185 3614 2239 po-

2017 2256 2194 2313 tentia
2230 2257 2438 2328 activa,
2479 2269 2647 2328 quam
2685 2271 2762 2310 ex
2809 2255 2970 2312 nihili
3011 2256 3260 2329 potentia
3303 2254 3614 2329 objectiva,

2017 2351 2075 2401 et
2095 2343 2248 2418 quasi
2272 2345 2505 2418 passiva,
2527 2347 2802 2400 ereatmas
2829 2344 3127 2416 producere
3153 2345 3392 2402 credant.
3450 2346 3616 2402 Deus

2017 2433 2200 2508 igitur,
2233 2451 2306 2490 ex
2333 2449 2526 2489 eorum
2551 2433 2841 2506 sententia,
2881 2449 2968 2489 ιω
2997 2449 3070 2489 ex
3107 2451 3166 2489 se
3215 2433 3505 2508 producet,
3553 2439 3617 2490 et

2018 2523 2144 2578 ideo
2181 2523 2360 2595 prima
2407 2537 2594 2578 rerum
2642 2521 2897 2594 materia,
2961 2523 3368 2594 quodammodo
3415 2539 3616 2580 rerum

2019 2611 2250 2668 materia
2277 2610 2408 2667 erit:
2439 2610 2540 2666 sed
2567 2610 2638 2666 de
2665 2627 2732 2666 eo
2763 2614 2826 2666 tu
2853 2610 3052 2668 rectius
3081 2611 3454 2668 arbitraberis.

2105 2701 2200 2756 111.
2246 2701 2332 2755 De
2359 2698 2678 2760 Cartesio
2705 2702 2764 2754 et
2799 2699 3220 2774 Claubergio
3260 2715 3482 2772 prorsus
3529 2706 3618 2758 te-

2018 2805 2145 2845 eum
2193 2789 2388 2862 sentio,
2443 2787 2769 2861 discipulum
2814 2789 3082 2860 Magistro
3131 2788 3416 2845 clariorem
3465 2807 3614 2846 esse.

2019 2878 2163 2935 lllud
2191 2883 2377 2935 tamen
2403 2893 2590 2935 rursus
2618 2876 2796 2935 dieere
2831 2877 3025 2951 ausim,
3067 2877 3282 2934 nullum
3319 2879 3434 2934 sere
3471 2878 3616 2935 Car·

2019 2967 2244 3023 tesianis
2284 2967 2522 3024 inventis
2559 2966 2850 3023 addidisse.
2915 2968 3072 3023 Certe
3109 2966 3612 3041 ClaubergiuS,

2019 3057 2270 3130 RaeuS,
2343 3056 2670 3128 Spinoza,
2742 3055 3144 3130 Clerselier,
3205 3057 3612 3132 Heerbord,

2017 3144 2274 3201 Tobias
2321 3144 2672 3213 Andreae,
2735 3143 3068 3201 Henrieus
3115 3145 3408 3218 Regius,
3459 3147 3614 3204 nihil

2019 3233 2189 3306 aliud,
2221 3248 2390 3305 quam
2415 3231 2583 3289 Ducis
2611 3232 2698 3287 sui
2729 3233 3105 3305 paraphrastas
3134 3239 3378 3306 egerunt.
3469 3235 3614 3291 Car—

2015 3322 2254 3378 toeianos
2291 3338 2424 3377 vero
2463 3336 2556 3377 eos
2599 3325 2815 3377 tantum
2853 3323 3100 3395 appello,
3151 3322 3246 3394 qui
3283 3323 3612 3380 Cartesii

2016 3410 2283 3484 principia
2311 3415 2627 3483 sequuntur,
2657 3426 2730 3465 ex
2757 3426 2867 3482 quo
2895 3426 3120 3466 numero
3150 3411 3336 3483 magni
3374 3411 3461 3467 illi
3495 3414 3613 3469 viri

2014 3499 2474 3573 Verulamius,
2535 3498 2956 3572 Gassendus,
3029 3499 3370 3572 HobbiuS,
3433 3501 3614 3574 Dig-

2015 3588 2254 3660 baeuS,
2284 3588 2652 3645 Cornelius
2691 3589 2774 3644 ab
2814 3588 3260 3659 Hoghelande
3299 3594 3402 3645 ete.
3445 3607 3614 3661 pror-

2013 3694 2106 3731 sus
2135 3678 2307 3733 eximi
2336 3678 2553 3751 debent,
2593 3693 2730 3748 quos
2769 3678 2963 3748 vulgus
2999 3676 3328 3733 Cartesianis
3365 3682 3614 3736 confun-

2013 3765 2112 3837 dit,
2144 3782 2311 3839 quum
2341 3771 2528 3822 tamen
2556 3765 2642 3821 vel
2673 3764 2988 3821 Cartesio
3025 3766 3277 3838 aequales
3307 3766 3396 3822 vel
3425 3768 3610 3823 etiam

2013 3854 2316 3928 superiores
2343 3859 2524 3912 aetate
2550 3859 2606 3910 et
2634 3854 2854 3925 ingenio
2882 3853 3116 3925 fuerint,
3143 3870 3234 3911 me
3261 3857 3440 3913 fateor
3462 3858 3612 3913 nihil

2013 3944 2193 4000 minus
2251 3960 2418 4016 quam
2474 3942 2846 3998 Cartesianum
2895 3960 3031 4000 esse.
3113 3944 3384 4016 Regulam
3441 3946 3610 4002 illam

2013 4032 2268 4089 omnibus
2297 4032 2415 4089 istis
2443 4032 2817 4103 philosophiae
2857 4033 3314 4089 restauratoribus
3349 4050 3612 4091 eommu-

2013 4138 2142 4189 nem
2171 4125 2348 4194 tenea,
2391 4120 2529 4176 nihil
2569 4120 2955 4193 explicandum
2995 4122 3056 4175 in
3093 4122 3444 4196 corpor-ibim,
3493 4126 3614 4179 nisi

2012 4226 2111 4285 per
2139 4210 2588 4283 magnitudinem,
2621 4212 2850 4283 figuram
2879 4214 2937 4266 et
2965 4215 3193 4266 motum.
3265 4211 3330 4267 ln
3361 4213 3612 4269 Carte-

2014 4298 2120 4353 sio
2170 4298 2288 4367 ejus
2324 4299 2572 4357 methodi
2611 4304 2827 4357 tantum
2867 4299 3210 4371 propositum
3247 4316 3410 4372 amo,
3467 4318 3610 4357 nam

2013 4402 2184 4459 quum
2213 4387 2272 4443 in
2301 4404 2416 4445 rem
2444 4392 2784 4461 praesentem
2813 4393 3037 4446 ventum
3073 4392 3176 4461 est,
3217 4389 3292 4445 ab
3321 4390 3422 4445 illa
3447 4406 3612 4447 seve-

2013 4476 2178 4531 ritate
2216 4492 2438 4548 prorsus
2475 4477 2702 4549 remisit,
2741 4482 2800 4534 et
2835 4480 2908 4534 ad
2945 4478 3290 4551 Hypothoees
3327 4480 3610 4550 quasdam

2015 4564 2184 4619 miras
2221 4581 2293 4620 ex
2327 4564 2564 4638 abrupto
2602 4566 2855 4637 delapsus
2895 4573 3006 4638 est,
3047 4567 3196 4639 quod
3237 4572 3384 4622 reete
3423 4568 3608 4625 etiam

2015 4652 2371 4725 deprehendit
2397 4653 2458 4709 in
2485 4672 2552 4709 eo
2583 4655 2752 4709 Voss
2769 4656 2784 4709 i
2801 4670 2874 4709 us
2903 4656 2961 4710 in
2987 4655 3128 4711 libro
3158 4656 3228 4712 de
3257 4656 3417 4712 Luce.

2101 4742 2195 4797 IV.
2242 4744 2424 4807 Quare
2451 4743 2629 4798 dieere
2656 4760 2768 4799 non
2797 4761 2990 4799 vereor
3030 4744 3188 4816 plura
3230 4762 3322 4801 me
3361 4746 3611 4819 probare

2013 4830 2072 4885 in
2121 4830 2278 4887 libris
2337 4830 2792 4905 AristoteliS,
2863 4817 2995 4902 περὶ
3057 4830 3352 4903 φυσικῆς
3407 4824 3610 4903 ἀκρο-

2013 4900 2243 4982 άσεως,
2288 4936 2456 4991 quam
2503 4920 2562 4975 in
2599 4920 3048 4979 meditationibus
3087 4922 3420 4991 cartesii;
3475 4927 3610 4977 tan-

2012 5010 2130 5062 tum
2159 5009 2332 5082 abest,
2366 5013 2428 5064 ut
2455 5009 2796 5065 Cartoeianus
2823 5009 2950 5069 sim.
3017 5010 3138 5066 Imo
3177 5010 3358 5066 ausim
3393 5009 3612 5067 addere

2011 5100 2158 5151 totos
2187 5097 2311 5153 illos
2341 5102 2466 5153 octo
2495 5098 2682 5171 libros,
2723 5100 2878 5154 salva
2916 5098 3260 5173 philosophia
3297 5102 3608 5155 reformata

2013 5184 2140 5241 ferri
2169 5202 2344 5257 posse.
2405 5186 2528 5250 Qua
2555 5188 2768 5243 ratione
2798 5187 2907 5243 illis
2935 5188 3056 5260 ipso
3087 5192 3230 5245 facto
3259 5194 3604 5261 occurretur,
