3717 5850
364 327 455 396 66
1330 329 1399 386 V.
1453 329 1557 388 DE
1582 330 1789 388 STILO
1816 329 2341 388 PHILOSOPHICO
2367 329 2658 388 leom.

364 479 695 549 coniectast,
734 490 956 550 car-pem
994 487 1163 545 qnam
1200 472 1508 530 emendare.
1596 473 1739 528 Sane
1774 487 1982 544 quum.

364 570 605 644 primum
630 565 823 621 literae
860 563 1155 620 restaurari
1190 561 1417 634 coeptae
1455 565 1600 634 sunt,
1640 560 1843 618 eruditi
1883 561 1946 618 in

362 655 713 732 philosophos
751 651 1101 710 scholasticos
1140 650 1457 722 intonuere3
1496 653 1691 706 contra
1726 648 1946 706 Schola-

362 745 486 802 stiei
515 761 575 802 se
601 742 775 800 reales
802 741 1091 812 vocabant,
1122 739 1249 796 illos
1276 743 1562 812 poetamm
1590 743 1648 794 et
1672 753 1946 811 gramma-

362 833 599 901 ticorum
624 831 791 888 titulo
830 831 903 887 ab
931 828 1192 886 interiore
1227 843 1411 884 rerum
1448 827 1761 900 cognitione
1797 843 1946 884 arce·-

362 922 515 980 bant.
588 921 663 978 Et
688 919 919 978 memini
945 918 1131 974 videre
1156 916 1451 989 aliquando
1478 916 1740 989 scriptum
1766 913 1946 986 cujus-

363 1011 495 1070 dam
514 1025 589 1068 ex
616 1009 713 1065 illo
742 1025 903 1082 grege
928 1006 1196 1079 theologi,
1240 1006 1343 1061 hoc
1370 1004 1561 1061 titulo:
1602 1003 1945 1062 Johannis

362 1099 550 1158 Seici
586 1096 879 1172 Apologia,
922 1095 1067 1169 quod
1119 1093 1415 1166 Theologia
1450 1109 1571 1150 non-
1602 1093 1677 1149 sit
1714 1093 1946 1150 ssmdata

361 1205 527 1263 snper
560 1187 738 1260 Poesi,
780 1184 935 1258 quasi
975 1182 1179 1240 scilieet
1213 1182 1503 1255 quisquam
1539 1182 1644 1268 hoc
1678 1181 1944 1238 somnias-

364 1281 465 1338 set·
536 1276 645 1333 Sed
671 1275 880 1332 interea
918 1273 1050 1329 dum
1090 1271 1185 1328 isti
1212 1271 1525 1344 fulminant,
1562 1269 1759 1327 eruditi
1788 1270 1946 1326 aulas

365 1369 684 1439 magnatum
732 1361 999 1436 paulatim
1048 1363 1394 1434 occuparunt.
1493 1358 1946 1416 Laurentium

365 1457 511 1510 certe
531 1451 801 1509 Vallam
828 1450 977 1516 solus
1004 1449 1367 1521 favor'regius
1394 1449 1469 1504 ab
1489 1449 1770 1504 haereseos
1796 1463 1946 1504 com-

366 1541 717 1600 mendatione
744 1539 1003 1610 defendit,
1044 1542 1108 1593 ut
1136 1537 1205 1592 de
1243 1537 1491 1593 Leonis
1519 1536 1595 1592 X.
1638 1539 1696 1592 et
1736 1535 1946 1592 Fran-

364 1629 531 1686 cisci
561 1629 603 1684 I.
632 1627 847 1684 Galliae
874 1625 1039 1700 Regis
1068 1625 1127 1682 in
1147 1625 1395 1682 literatos
1414 1623 1779 1698 propensione
1806 1623 1946 1679 nihil

364 1717 563 1789 dicam,
592 1728 733 1790 quae
760 1714 1132 1789 profligandae
1159 1712 1446 1770 barbariae
1473 1712 1711 1770 multum
1746 1711 1946 1786 potuit.

363 1806 492 1862 Jam
520 1809 651 1862 ante
676 1804 975 1875 Vallem,
1005 1801 1257 1875 princeps
1282 1801 1549 1859 Dantes
1586 1800 1946 1873 Aligerius

364 1892 713 1952 Florentinus
739 1891 991 1948 meliores
1016 1891 1205 1946 literas
1232 1889 1383 1946 velut
1408 1891 1483 1947 ab
1510 1889 1701 1946 inseris
1726 1905 1948 1946 revoca-

363 1985 475 2054 vit,
504 1981 666 2051 hujus
687 1979 982 2053 discipulus
1004 1979 1217 2034 Franc
1233 1978 1413 2034 iscus
1434 1977 1807 2059 Petrarcha
1836 1977 1948 2052 pri-

364 2082 519 2128 mum
546 2069 606 2125 in
634 2067 977 2142 philosophia
1002 2066 1153 2124 civili
1180 2067 1381 2140 quippe
1408 2067 1691 2140 capaciore
1729 2067 1946 2138 elegan-

364 2159 505 2216 tiam
530 2161 791 2231 expertus
816 2160 929 2230 est,
970 2171 1081 2228 qua
1116 2155 1178 2210 in
1215 2172 1277 2212 re
1314 2156 1753 2212 Franciscum
1792 2155 1946 2212 Phi·

365 2247 700 2320 lelphum,
740 2244 1069 2318 Poggium
1097 2244 1608 2316 Florentinum,
1640 2244 1945 2300 Leonar-

365 2336 520 2392 dum
557 2333 945 2406 Aretinum,
988 2332 1233 2406 aliosque
1266 2333 1691 2390 succenturiatos
1732 2331 1942 2389 habuit.

364 2423 443 2480 Ut
471 2423 675 2479 Valla
703 2421 913 2490 maiore
939 2420 1027 2478 vir
1052 2420 1275 2494 ingenio
1294 2422 1479 2496 spinas
1502 2421 1946 2478 scholasticorum

364 2512 573 2585 primus
598 2511 811 2568 calcare
836 2525 1117 2584 aggressus
1138 2513 1237 2581 est,
1260 2526 1325 2566 ac
1354 2509 1693 2566 dialecticam
1709 2509 1945 2566 conseri-

362 2600 473 2673 psit
500 2599 723 2673 ingenio
748 2614 849 2655 suo
876 2598 1117 2672 dignam,
1156 2598 1312 2654 ICtos
1340 2598 1513 2654 etiam
1537 2597 1725 2654 libello
1754 2599 1822 2654 de
1860 2597 1945 2652 in-

362 2688 613 2760 signibus-
632 2692 693 2744 et
718 2687 904 2760 armis,
933 2691 1125 2744 contra
1162 2686 1593 2759 Bartholum,
1634 2687 1946 2759 Theologos

362 2776 550 2835 libello
578 2776 649 2833 de
674 2776 851 2834 libero
878 2775 1125 2848 arbitrio,
1152 2779 1345 2832 contra
1364 2775 1747 2848 Boethium,
1778 2775 1946 2831 laces-

362 2880 481 2921 sere
506 2879 688 2922 ausus.
774 2865 931 2922 Tunc
968 2881 1099 2922 vero
1136 2864 1511 2939 philosophiae
1546 2863 1711 2920 simul
1748 2867 1805 2918 et
1832 2863 1945 2918 elo-

362 2954 621 3026 quentiae
666 2954 1013 3027 exquisitiori
1063 2971 1096 3010 e
1144 2954 1375 3011 Graecia
1436 2953 1681 3013 subsidio
1743 2966 1944 3009 venere

362 3043 763 3101 Theodorus
790 3045 1004 3117 Gaza,
1036 3043 1374 3117 Georgius
1402 3044 1667 3115 Trapez
1682 3042 1938 3115 untius,

362 3131 699 3189 Emanuel
748 3131 1204 3202 Chrysoloras
1264 3136 1322 3187 et
1369 3130 1691 3187 Bessario
1750 3133 1944 3203 postea

362 3220 681 3277 cardinalis·
778 3220 853 3276 Et
900 3220 1031 3276 licet
1080 3220 1267 3276 Gaza
1316 3224 1375 3275 et
1421 3218 1942 3291 Trapezuntius

361 3306 717 3365 Aristotelem
746 3323 999 3381 graecum
1035 3306 1433 3379 resuscitantes,
1462 3310 1771 3380 pugnarent
1796 3307 1942 3363 inter

359 3414 445 3469 se,
491 3396 813 3453 Bessario
854 3399 1043 3453 autem
1068 3395 1383 3452 Platonicus
1419 3410 1545 3452 cum
1572 3399 1831 3469 utroque,
1879 3394 1944 3449 in

360 3486 632 3543 Barbaros
660 3488 847 3541 tamen
864 3484 1081 3557 aequali
1108 3483 1281 3540 animi
1310 3484 1517 3558 impetu
1545 3483 1685 3544 itum
1706 3487 1805 3539 est.
1848 3482 1942 3539 Ab

360 3574 446 3631 his
486 3574 736 3630 instructi
768 3574 1117 3629 Johannes
1158 3571 1362 3629 Picus
1405 3573 1484 3629 de
1514 3572 1940 3646 Mirandula,

358 3662 443 3719 sui
468 3662 596 3719 aevi
608 3662 866 3735 phoenix,
884 3661 1301 3735 Asu-ologornm
1324 3662 1513 3734 hostis,
1538 3662 1943 3718 Hermolaus

359 3750 705 3809 Barbarus
726 3732 1761 3824 &vraksxeiacinteqwes,Nieolans
1784 3750 1964 3812 Leo->

357 3840 649 3897 nicenus
668 3838 1541 3912 Patavinns,cnjusetNizolius
1563 3842 1751 3895 noster
1770 3838 1864 3895 lib.
1884 3840 1942 3892 4.

358 3946 479 4003 cap.
516 3930 574 3985 8.
624 3928 893 4001 meminit,
943 3928 1098 3998 cuius
1153 3914 1337 4001 opera,
1379 3935 1443 3985 ut
1480 3930 1803 3984 Erasmus
1842 3927 1942 3999 ait,

360 4018 639 4075 Medicina.
664 4018 865 4074 iterum
884 4017 1036 4088 loqui
1056 4016 1253 4091 coepit,
1283 4016 1647 4073 Marsilius
1666 4016 1944 4071 Ficinns

359 4105 813 4163 Bessarionis
848 4105 911 4161 in
950 4106 1149 4160 affectu
1188 4121 1317 4177 erga
1346 4106 1709 4160 Platonem
1734 4104 1944 4176 haeres,

358 4198 633 4251 cer-tamen
686 4210 787 4265 pro
843 4209 973 4247 vera
1032 4192 1341 4264 sapientum
1390 4193 1703 4265 eloquentia
1750 4198 1944 4249 eontra

360 4286 705 4355 coi-ruptore·
730 4279 1009 4353 utrimque
1038 4284 1364 4353 susceptum,
1395 4281 1601 4337 acriore
1630 4280 1856 4353 impetu,
1887 4285 1947 4338 et

359 4369 669 4429 recentibus
720 4368 889 4425 armis
936 4368 1346 4426 continuarunt.
1431 4370 1679 4427 Tandem
1718 4369 1944 4441 Ange-

358 4460 467 4519 lus
506 4458 934 4530 Politianus,
976 4458 1125 4514 Joh.
1168 4457 1583 4516 Franciscus
1620 4458 1823 4515 Picus
1865 4458 1946 4515 de

362 4546 761 4605 Mirandula
784 4585 803 4619 ,
883 4546 1279 4621 Rudolphus
1350 4547 1727 4623 Agricola,
1800 4546 1944 4603 Joh.

363 4635 815 4710 Renchlinus,
847 4636 1243 4692 Hadrianus
1271 4636 1695 4708 CardinaIiS,
1736 4636 1946 4693 Eras-

360 4741 503 4783 mus
534 4724 1065 4798 Roterodamus,
1097 4724 1351 4781 Paulus
1373 4726 1761 4799 Cortesius,
1792 4724 1944 4780 Joh.

361 4813 749 4870 Ludovicus
778 4812 1011 4885 Vives,
1041 4813 1409 4888 Philippus
1436 4814 1942 4885 Melanchthon,

360 4902 759 4960 Jo'achinius
796 4902 1255 4974 Camerarius,
1306 4907 1363 4959 et
1414 4903 1577 4959 multi
1613 4901 1942 4973 consimileS,

366 5008 664 5067 perrupere·
686 4990 909 5047 hostiles
936 4990 1173 5062 ordines,
1216 4996 1275 5047 et
1302 4990 1415 5048 late
1452 4996 1690 5063 stragem
1730 4991 1942 5047 dedere.

362 5082 483 5139 11oe
510 5082 605 5154 qui
619 5083 755 5137 toto
784 5078 919 5136 orbe
946 5078 1162 5153 sequuti
1180 5084 1311 5135 sunt
1338 5080 1647 5153 philosophi
1690 5079 1946 5153 eloquen-

362 5170 579 5244 timimh
610 5174 727 5226 tam
754 5168 915 5225 multi
942 5174 1087 5241 sunt,
1118 5173 1182 5225 ut
1202 5168 1459 5227 brevibus
1484 5168 1686 5226 chartis
1712 5184 1829 5225 non
1853 5185 1948 5231 ca·-

2044 471 2282 546 piantur.
2371 471 2676 528 Barbarum
2723 487 2890 545 porro
2931 469 3148 528 dicendi
3185 487 3356 544 genus
3393 472 3626 545 peculia·

2044 561 2199 617 ribus
2225 559 2441 632 scriptis
2481 561 2644 617 multi
2683 551 3084 634 oppugnarunt.
3148 559 3223 616 Et
3249 565 3470 618 exstant
3495 562 3626 635 Epi-

2045 649 2219 706 stolae
2245 650 2576 706 amoeboeae
2601 649 2944 706 Johannis
2971 648 3118 705 Pici
3149 648 3628 712 Mirandulani

2045 741 2104 794 et
2130 737 2494 794 Hermolai
2520 737 2837 810 Barbari,
2879 750 3114 810 quorum
3153 737 3240 794 hic
3267 739 3526 794 acerrime
3559 739 3627 794 in

2046 826 2403 883 Scholasticos
2442 825 2730 898 invehitur,
2761 827 2854 882 ille
2897 827 3116 882 mollire
3155 843 3348 884 eorum
3387 827 3520 884 vitia
3555 843 3627 884 ae

2045 919 2226 989 tegere
2255 914 2429 987 magis
2457 930 2624 988 quam
2651 915 2958 988 defendere,
2989 931 3106 971 non
3133 915 3486 988 improbabili
3511 916 3628 989 pie-

2045 1007 2161 1060 tate
2201 1009 2446 1060 conatur.
2533 1003 2702 1062 Tanti
2749 1003 2878 1060 fecit
2913 1020 3006 1060 eas
3045 1003 3322 1077 Epistulas
3359 1004 3628 1078 Philip-

2047 1107 2168 1166 pus
2195 1092 2707 1164 Melanchthon,
2737 1096 2801 1148 nt
2827 1091 3018 1148 addita
3045 1092 3402 1166 dispositione
3437 1093 3526 1150 edi
3565 1093 3630 1150 in

2047 1181 2344 1238 Ger-inania
2369 1180 2656 1238 curaverit.
2700 1180 2848 1238 Addi
2877 1184 3058 1253 potest
3083 1182 3526 1254 Quaerengus
3553 1182 3628 1238 de

2046 1269 2377 1342 Eloquentia
2432 1267 2782 1342 Philosophi,
2841 1269 3246 1328 Fran‘ciseus
3302 1271 3630 1326 Floridus

2045 1359 2380 1430 Sabinus,
2409 1359 2612 1430 scripto
2640 1358 2789 1430 quod
2827 1374 2928 1430 pro
2967 1358 3144 1414 latina
3178 1358 3366 1431 lingua
3401 1358 3631 1431 ejusque

2045 1447 2408 1520 Scriptoribus
2437 1446 2630 1519 edidit,
2668 1447 2958 1504 Ubertus
2985 1447 3261 1504 Folieta
3299 1447 3370 1504 de
3395 1447 3633 1504 letinae

2045 1536 2268 1608 linguae
2301 1551 2402 1590 usu
2439 1538 2498 1590 et
2534 1534 2886 1609 praestantia,
2918 1536 3357 1606 Germonius,
3389 1535 3632 1592 Corra-

2047 1624 2202 1698 dus,
2233 1622 2747 1696 TaubmannuS,
2778 1624 3134 1698 Barthius,
3167 1624 3237 1680 de
3275 1625 3472 1681 Latina
3520 1625 3634 1680 lin-

2047 1729 2170 1786 gua,
2221 1712 2412 1768 Susii
2459 1712 2621 1770 Lima
2659 1711 3042 1786 Ciceroniana,
3103 1709 3304 1770 Andr.
3353 1713 3632 1770 Schotti

2043 1801 2334 1858 Tullianae
2351 1801 2712 1874 quaestiones,
2733 1801 2866 1856 Alb
2879 1801 3018 1857 erti
3037 1800 3118 1857 de
3136 1801 3452 1859 Albertis
3479 1801 3634 1858 actio

2047 1890 2108 1946 in
2135 1887 2486 1961 coi-ruptores
2513 1889 2874 1962 eloquentiae,
2915 1890 3152 1946 Melch.
3195 1890 3515 1948 Inchofer
3559 1891 3636 1946 de

2045 1995 2198 2036 sacra
2249 1978 2549 2052 latinitate,
2603 1979 2871 2034 Erasmi
2931 1979 3320 2052 Apologeticus
3369 1979 3636 2036 adversus

2044 2067 2422 2124 Martinum
2460 2067 2814 2141 Dorpium,
2852 2067 3250 2124 Joachimus
3289 2068 3636 2140 Vagetins

2045 2157 2114 2212 de
2141 2156 2296 2230 stilo,
2330 2155 2719 2229 Christoph.
2752 2173 2788 2212 a
2815 2156 3058 2229 Capite
3086 2156 3407 2213 Fontium
3437 2156 3506 2212 de
3537 2173 3637 2212 ne-

2043 2244 2278 2302 cessaria
2303 2243 2635 2302 correctione
2662 2244 2991 2317 'Ilieologiae
3009 2246 3384 2318 Scholastieae,
3415 2245 3638 2301 Ludo-

2044 2334 2240 2390 vicus
2268 2332 2690 2402 Carbajalus
2717 2332 2934 2390 Beticus
2963 2334 3107 2390 libro
3133 2351 3248 2390 uno
3275 2335 3346 2392 de
3373 2335 3638 2390 restituta

2043 2421 2366 2493 Theologia,
2407 2421 2466 2476 in
2505 2438 2614 2492 quo
2627 2461 2645 2494 ,
2688 2425 2753 2477 ut
2787 2421 3020 2478 inseruit
3056 2422 3219 2481 titulo
3262 2422 3394 2496 ipse,
3433 2423 3638 2480 Lector

2045 2511 2258 2566 visin-us
2285 2510 2360 2566 sit
2384 2509 2742 2582 Theologiam
2768 2527 2804 2566 a
2823 2510 3126 2586 Sophistica
3151 2515 3210 2568 et
3237 2511 3492 2568 barbarie
3515 2527 3638 2567 ma-

2045 2615 2153 2671 gna
2181 2598 2450 2654 industria
2487 2603 2851 2671 repurgatam.
2940 2599 3236 2670 Erycius
3276 2600 3636 2656 Puteanus

2045 2687 2284 2746 ‹liuta-iba
2314 2687 2382 2743 de
2411 2687 2668 2744 Barbaris
2693 2687 2768 2746 ad
2795 2686 3155 2761 Barbarinos,
3185 2688 3637 2745 Christianus

2044 2777 2502 2849 BecmannuS,
2533 2781 2589 2832 et
2615 2776 2893 2833 lsaacus
2921 2776 3301 2834 Clauderns
3329 2778 3398 2834 de
3427 2778 3638 2834 barba-

2044 2864 2126 2920 rie
2153 2863 2496 2939 superiorum
2525 2868 2850 2939 temporum,
2881 2848 3309 2922 Frischlinus
3343 2865 3640 2922 Prisciano

2043 2954 2354 3026 vapulante,
2385 2954 2532 3010 Joh.
2563 2954 2920 3012 Conradus
2947 2955 3350 3011 Dieterieus
3389 2955 3462 3011 de
3493 2956 3640 3012 infe-

2041 3042 2246 3099 licitate
2299 3042 2466 3099 seculi
2527 3043 2822 3116 superioris
2871 3043 2932 3099 in
2980 3058 3296 3115 graecarum
3340 3044 3640 3101 literarum

2041 3130 2402 3203 ignorat-ione,
2412 3130 3006 3189 AntibarbarusSixti
3024 3133 3296 3189 Amama
3309 3150 3342 3189 e
3359 3137 3420 3189 et
3439 3133 3638 3189 Petri

2042 3219 2406 3291 Molinaei,
2439 3220 2838 3277 Gerhardus
2865 3220 3010 3277 Joh.
3053 3222 3341 3277 Vossius
3379 3221 3450 3277 de
3481 3222 3642 3277 vitiis

2042 3307 2310 3364 sermonis
2365 3312 2424 3363 et
2489 3308 2831 3380 glossematis
2887 3309 3064 3365 latino
3087 3338 3112 3349 -
3133 3310 3410 3382 barbaris»,
3485 3310 3524 3365 J
3533 3311 3640 3367 oh.

2043 3397 2260 3453 Niess..
2301 3396 2372 3453 de
2409 3400 2534 3453 ortu
2573 3402 2630 3453 et
2667 3414 2862 3455 occasu
2897 3398 3118 3471 linguae
3154 3398 3360 3455 latinae
3403 3396 3644 3471 tu‘usque

2043 3486 2430 3541 instaurandae
2454 3486 2687 3559 ratione,
2718 3487 2966 3543 Petrus
2994 3504 3030 3543 a
3050 3487 3250 3543 Valle
3277 3487 3538 3544 Clausa
3565 3488 3646 3543 de

2043 3574 2392 3630 immunitate
2420 3574 2789 3648 Cyriacorum,
2831 3576 2930 3647 qui
2957 3592 3149 3633 omnes
3187 3576 3320 3631 data
3359 3592 3538 3649 opera
3575 3576 3648 3631 in

2045 3662 2342 3719 dictionem
2389 3661 2546 3719 illam
2597 3664 3230 3738 pseudophilosophicam
3280 3664 3646 3721 invehuntur.

2044 3752 2146 3807 His
2185 3752 2315 3807 addi
2355 3756 2600 3823 possunt,
2643 3753 2750 3824 qu‘r
2775 3768 2850 3809 ex
2887 3752 3222 3810 Cicerone
3259 3757 3316 3809 et
3342 3754 3646 3819 Quinti·-

2043 3840 2236 3896 liano
2263 3846 2319 3897 et
2347 3841 2667 3914 Boethio,
2699 3841 3066 3914 philosophati
3093 3845 3248 3897 sunt:
3279 3842 3642 3914 FreigiuS,

2045 3929 2458 4000 BuscheruS,
2501 3928 2716 3985 Jason
2753 3930 3096 4003 Denores,
3152 3930 3528 4002 Ramusque
3581 3936 3649 3985 et

2044 4018 2239 4074 Ramei
2267 4023 2364 4073 aut
2382 4017 2876 4091 Philippo-Ramei
2895 4034 3066 4091 prope
3087 4034 3309 4088 omnes3
3339 4020 3492 4075 Had
3505 4020 3650 4075 ria-

2045 4122 2174 4161 nns
2217 4106 2350 4161 item
2389 4106 2789 4163 Cardinalis
2828 4106 2984 4163 libris
3017 4108 3072 4161 4.
3113 4108 3184 4165 de
3223 4124 3352 4164 vera
3391 4108 3652 4181 philoso-

2046 4194 2176 4268 phia
2202 4210 2276 4249 ex
2307 4194 2364 4249 4.
2407 4194 2680 4257 Ecclesiae
2703 4195 3034 4269 doctoribm,
3057 4196 3458 4267 Ambrosio,
3483 4194 3656 4253 Hie-

2045 4298 2358 4355 ronymo,
2411 4283 2833 4359 Augustino,
2887 4290 2946 4341 et
2989 4286 3322 4358 Gregorio
3363 4286 3652 4357 Magno.

2046 4373 2132 4428 De
2159 4376 2372 4429 caetero
2402 4375 2465 4427 ut
2490 4372 2846 4445 Theologiam
2866 4374 3250 4431 scholasticam
3289 4374 3422 4431 Mel
3435 4374 3608 4430 chio
3623 4392 3656 4429 r

2047 4462 2265 4517 Canus
2305 4460 2362 4515 in
2393 4461 2544 4533 lociS,
2589 4464 2648 4517 et
2674 4462 2934 4519 Paulus
2961 4463 3319 4521 Cortesius
3359 4463 3420 4519 in
3463 4462 3656 4519 libros

2043 4550 2453 4621 sententiarum,
2483 4548 2692 4622 (nuper
2719 4550 3080 4624 PetaviuS,
3113 4569 3278 4625 opere
3306 4552 3660 4624 dogmatum

2043 4632 2266 4715 Theol.)
2287 4638 2368 4694 ita
2385 4638 2739 4695 Dielecticam
2758 4639 2996 4714 Valla,
3019 4640 3418 4713 Rudolphus
3437 4642 3662 4713 Agri-

2045 4727 2225 4800 cola,
2259 4726 2650 4799 PolichiuS,
2675 4726 3199 4803 Melanchthon,
3233 4730 3660 4799 Caesarius,

2047 4815 2446 4888 Hunnaeus,
2479 4815 2845 4873 Cornelius
2867 4818 3213 4893 Valerius,
3239 4818 3658 4889 PerloniuS,

2046 4904 2321 4959 Caelius
2357 4906 2708 4961 Secundus
2746 4905 2986 4977 Curio,
3025 4907 3220 4965 Joan.
3253 4908 3660 4979 SturmiuS,

2047 4992 2590 5064 Hottomannus,
2621 4994 3054 5068 Metaphysicam
3082 4996 3316 5069 ViveS,
3347 4996 3662 5070 Niphusc

2045 5081 2592 5150 Javellus(etia1n
2619 5079 2902 5140 Nizolio
2923 5088 3131 5141 ‘nostro
3159 5085 3414 5141 laudatus
3441 5085 3542 5141 lih.
3589 5086 3660 5139 2.

2045 5184 2168 5243 cap.
2217 5170 2354 5242 10.)
2417 5171 2764 5246 Fonseca,
2825 5172 3093 5229 Brunus
3119 5212 3138 5246 ,
3207 5174 3660 5237 Monlorius3
