<?xml version="1.0" encoding="UTF-8"?>
<!DOCTYPE html PUBLIC "-//W3C//DTD XHTML 1.0 Transitional//EN"
    "http://www.w3.org/TR/xhtml1/DTD/xhtml1-transitional.dtd">
<html xmlns="http://www.w3.org/1999/xhtml" xml:lang="en" lang="en">
 <head>
  <title>
</title>
<meta http-equiv="Content-Type" content="text/html;charset=utf-8" />
  <meta name='ocr-system' content='tesseract 3.04.00' />
  <meta name='ocr-capabilities' content='ocr_page ocr_carea ocr_par ocr_line ocrx_word'/>
</head>
<body>
  <div class='ocr_page' id='page_1' title='image "./godguilleibniti00erdmgoog_0113.png"; bbox 0 0 3717 5850; ppageno 0'>
   <div class='ocr_carea' id='block_1_1' title="bbox 1036 294 3341 403">
    <p class='ocr_par' dir='ltr' id='par_1_1' title="bbox 1036 294 3341 403">
     <span class='ocr_line' id='line_1_1' title="bbox 1036 294 3341 403; baseline 0.005 -14"><span class='ocrx_word' id='word_1_1' title='bbox 1036 334 1103 391; x_wconf 86' lang='lat' dir='ltr'><strong>v.</strong></span> <span class='ocrx_word' id='word_1_2' title='bbox 1156 294 1263 394; x_wconf 70' lang='lat' dir='ltr'><strong>ni:</strong></span> <span class='ocrx_word' id='word_1_3' title='bbox 1301 335 1511 395; x_wconf 72' lang='lat' dir='ltr'><strong>snm</strong></span> <span class='ocrx_word' id='word_1_4' title='bbox 1546 335 2070 403; x_wconf 64' lang='lat' dir='ltr'><strong>nmnsoruioo</strong></span> <span class='ocrx_word' id='word_1_5' title='bbox 2097 337 2390 397; x_wconf 81' lang='lat' dir='ltr'><strong>Nizom.</strong></span> <span class='ocrx_word' id='word_1_6' title='bbox 3262 332 3341 401; x_wconf 82' lang='lat'><strong>⁷1</strong></span> 
     </span>
    </p>
   </div>
   <div class='ocr_carea' id='block_1_2' title="bbox 74 475 1669 2415">
    <p class='ocr_par' dir='ltr' id='par_1_2' title="bbox 74 475 1667 1265">
     <span class='ocr_line' id='line_1_2' title="bbox 75 475 1667 556; baseline 0 -19"><span class='ocrx_word' id='word_1_7' title='bbox 75 512 77 515; x_wconf 57' lang='lat'>&gt;</span> <span class='ocrx_word' id='word_1_8' title='bbox 161 487 257 547; x_wconf 67' lang='lat' dir='ltr'><strong>mo</strong></span> <span class='ocrx_word' id='word_1_9' title='bbox 278 479 487 556; x_wconf 69' lang='lat' dir='ltr'><strong>practica</strong></span> <span class='ocrx_word' id='word_1_10' title='bbox 514 478 603 533; x_wconf 82' lang='lat' dir='ltr'><strong>vel</strong></span> <span class='ocrx_word' id='word_1_11' title='bbox 630 476 857 534; x_wconf 80' lang='lat' dir='ltr'><strong>moralis</strong></span> <span class='ocrx_word' id='word_1_12' title='bbox 882 475 1049 549; x_wconf 70' lang='lat' dir='ltr'><strong>liuius</strong></span> <span class='ocrx_word' id='word_1_13' title='bbox 1072 478 1485 553; x_wconf 83' lang='lat' dir='ltr'><strong>propositionis,</strong></span> <span class='ocrx_word' id='word_1_14' title='bbox 1516 480 1667 553; x_wconf 85' lang='lat' dir='ltr'><strong>quod</strong></span> 
     </span>
     <span class='ocr_line' id='line_1_3' title="bbox 75 566 1667 641; baseline -0.005 -8"><span class='ocrx_word' id='word_1_15' title='bbox 75 592 77 597; x_wconf 89' lang='lat'><em>·</em></span> <span class='ocrx_word' id='word_1_16' title='bbox 158 572 293 633; x_wconf 68' lang='lat' dir='ltr'><strong>omnis</strong></span> <span class='ocrx_word' id='word_1_17' title='bbox 310 571 391 626; x_wconf 85' lang='lat' dir='ltr'><strong>ille</strong></span> <span class='ocrx_word' id='word_1_18' title='bbox 415 566 549 640; x_wconf 77' lang='lat' dir='ltr'><strong>iguis</strong></span> <span class='ocrx_word' id='word_1_19' title='bbox 576 570 712 623; x_wconf 89' lang='lat' dir='ltr'><strong>uret.</strong></span> <span class='ocrx_word' id='word_1_20' title='bbox 766 566 912 622; x_wconf 90' lang='lat' dir='ltr'><strong>Nam</strong></span> <span class='ocrx_word' id='word_1_21' title='bbox 950 571 1070 623; x_wconf 82' lang='lat' dir='ltr'><strong>esto</strong></span> <span class='ocrx_word' id='word_1_22' title='bbox 1096 567 1241 639; x_wconf 76' lang='lat' dir='ltr'><strong>ignis</strong></span> <span class='ocrx_word' id='word_1_23' title='bbox 1267 568 1361 624; x_wconf 88' lang='lat' dir='ltr'><strong>ille</strong></span> <span class='ocrx_word' id='word_1_24' title='bbox 1388 568 1516 625; x_wconf 82' lang='lat' dir='ltr'><strong>talis</strong></span> <span class='ocrx_word' id='word_1_25' title='bbox 1542 568 1667 641; x_wconf 89' lang='lat' dir='ltr'><strong>qui-</strong></span> 
     </span>
     <span class='ocr_line' id='line_1_4' title="bbox 158 654 1665 733; baseline 0.003 -23"><span class='ocrx_word' id='word_1_26' title='bbox 158 656 420 733; x_wconf 74' lang='lat' dir='ltr'><strong>fflnquequi</strong></span> <span class='ocrx_word' id='word_1_27' title='bbox 446 654 579 710; x_wconf 89' lang='lat' dir='ltr'><strong>mihi</strong></span> <span class='ocrx_word' id='word_1_28' title='bbox 605 671 753 711; x_wconf 87' lang='lat' dir='ltr'><strong>nunc</strong></span> <span class='ocrx_word' id='word_1_29' title='bbox 793 656 1085 728; x_wconf 55' lang='lat' dir='ltr'><strong>efferatum</strong></span> <span class='ocrx_word' id='word_1_30' title='bbox 1124 656 1217 712; x_wconf 86' lang='lat' dir='ltr'><strong>aio</strong></span> <span class='ocrx_word' id='word_1_31' title='bbox 1254 673 1373 713; x_wconf 85' lang='lat' dir='ltr'><strong>esse</strong></span> <span class='ocrx_word' id='word_1_32' title='bbox 1409 674 1507 730; x_wconf 89' lang='grc' dir='ltr'>ρει·</span> <span class='ocrx_word' id='word_1_33' title='bbox 1545 674 1665 714; x_wconf 82' lang='lat' dir='ltr'><strong>om·</strong></span> 
     </span>
     <span class='ocr_line' id='line_1_5' title="bbox 75 742 1663 824; baseline -0.001 -21"><span class='ocrx_word' id='word_1_34' title='bbox 75 760 77 765; x_wconf 80' lang='grc'><strong>’</strong></span> <span class='ocrx_word' id='word_1_35' title='bbox 160 754 227 810; x_wconf 74' lang='lat' dir='ltr'><strong>nia</strong></span> <span class='ocrx_word' id='word_1_36' title='bbox 246 742 500 824; x_wconf 87' lang='lat' dir='ltr'><strong>(quantum</strong></span> <span class='ocrx_word' id='word_1_37' title='bbox 526 743 599 799; x_wconf 88' lang='lat' dir='ltr'><strong>ad</strong></span> <span class='ocrx_word' id='word_1_38' title='bbox 628 760 747 801; x_wconf 83' lang='lat' dir='ltr'><strong>rem</strong></span> <span class='ocrx_word' id='word_1_39' title='bbox 782 742 1053 817; x_wconf 82' lang='lat' dir='ltr'><strong>pertinet)</strong></span> <span class='ocrx_word' id='word_1_40' title='bbox 1092 745 1327 802; x_wconf 84' lang='lat' dir='ltr'>similem</span> <span class='ocrx_word' id='word_1_41' title='bbox 1370 744 1663 819; x_wconf 78' lang='lat' dir='ltr'><strong>prioribuS,</strong></span> 
     </span>
     <span class='ocr_line' id='line_1_6' title="bbox 74 833 1665 933; baseline 0.001 -43"><span class='ocrx_word' id='word_1_42' title='bbox 74 850 81 861; x_wconf 93' lang='lat'><strong>·</strong></span> <span class='ocrx_word' id='word_1_43' title='bbox 156 841 261 915; x_wconf 71' lang='lat' dir='ltr'><strong>quin,</strong></span> <span class='ocrx_word' id='word_1_44' title='bbox 294 853 379 909; x_wconf 83' lang='lat' dir='ltr'><strong>per</strong></span> <span class='ocrx_word' id='word_1_45' title='bbox 408 833 747 933; x_wconf 58' lang='lat' dir='ltr'><strong>hypothesin,</strong></span> <span class='ocrx_word' id='word_1_46' title='bbox 790 849 907 889; x_wconf 89' lang='lat' dir='ltr'><strong>non</strong></span> <span class='ocrx_word' id='word_1_47' title='bbox 942 834 1123 889; x_wconf 86' lang='lat' dir='ltr'><strong>sentio</strong></span> <span class='ocrx_word' id='word_1_48' title='bbox 1162 834 1665 891; x_wconf 79' lang='lat' dir='ltr'><strong>dissimilitudinem</strong></span> 
     </span>
     <span class='ocr_line' id='line_1_7' title="bbox 158 920 1665 997; baseline -0.003 -14"><span class='ocrx_word' id='word_1_49' title='bbox 158 930 209 987; x_wconf 81' lang='lat' dir='ltr'><strong>ad</strong></span> <span class='ocrx_word' id='word_1_50' title='bbox 228 942 320 983; x_wconf 86' lang='lat' dir='ltr'><strong>rem</strong></span> <span class='ocrx_word' id='word_1_51' title='bbox 338 922 627 994; x_wconf 81' lang='lat' dir='ltr'><strong>facientem,</strong></span> <span class='ocrx_word' id='word_1_52' title='bbox 652 920 775 990; x_wconf 88' lang='lat' dir='ltr'><strong>jam</strong></span> <span class='ocrx_word' id='word_1_53' title='bbox 796 922 943 994; x_wconf 90' lang='lat' dir='ltr'><strong>quod</strong></span> <span class='ocrx_word' id='word_1_54' title='bbox 964 938 1079 978; x_wconf 90' lang='lat' dir='ltr'><strong>non</strong></span> <span class='ocrx_word' id='word_1_55' title='bbox 1099 922 1349 997; x_wconf 76' lang='lat' dir='ltr'><strong>sentitiu,</strong></span> <span class='ocrx_word' id='word_1_56' title='bbox 1372 938 1487 979; x_wconf 89' lang='lat' dir='ltr'><strong>non</strong></span> <span class='ocrx_word' id='word_1_57' title='bbox 1506 939 1665 996; x_wconf 84' lang='lat' dir='ltr'><strong>prae-</strong></span> 
     </span>
     <span class='ocr_line' id='line_1_8' title="bbox 156 1010 1666 1086; baseline -0.001 -16"><span class='ocrx_word' id='word_1_58' title='bbox 156 1017 343 1085; x_wconf 73' lang='lat' dir='ltr'><strong>suminu,</strong></span> <span class='ocrx_word' id='word_1_59' title='bbox 360 1028 449 1086; x_wconf 85' lang='lat' dir='ltr'><strong>per</strong></span> <span class='ocrx_word' id='word_1_60' title='bbox 466 1010 859 1067; x_wconf 73' lang='lat' dir='ltr'><strong>adminiculum</strong></span> <span class='ocrx_word' id='word_1_61' title='bbox 876 1010 937 1065; x_wconf 83' lang='lat'><strong>2.</strong></span> <span class='ocrx_word' id='word_1_62' title='bbox 980 1012 1141 1077; x_wconf 88' lang='lat' dir='ltr'><strong>Quod</strong></span> <span class='ocrx_word' id='word_1_63' title='bbox 1158 1028 1273 1067; x_wconf 86' lang='lat' dir='ltr'><strong>non</strong></span> <span class='ocrx_word' id='word_1_64' title='bbox 1284 1011 1666 1085; x_wconf 66' lang='lat' dir='ltr'><strong>praemunitur,</strong></span> 
     </span>
     <span class='ocr_line' id='line_1_9' title="bbox 158 1098 1664 1176; baseline -0.003 -15"><span class='ocrx_word' id='word_1_65' title='bbox 158 1105 273 1163; x_wconf 75' lang='lat' dir='ltr'><strong>estin</strong></span> <span class='ocrx_word' id='word_1_66' title='bbox 288 1101 427 1176; x_wconf 82' lang='lat' dir='ltr'><strong>praxi</strong></span> <span class='ocrx_word' id='word_1_67' title='bbox 445 1100 745 1157; x_wconf 81' lang='lat' dir='ltr'><strong>tenendum</strong></span> <span class='ocrx_word' id='word_1_68' title='bbox 767 1116 871 1173; x_wconf 86' lang='lat' dir='ltr'><strong>pro</strong></span> <span class='ocrx_word' id='word_1_69' title='bbox 892 1100 1064 1173; x_wconf 89' lang='lat' dir='ltr'><strong>nullo,</strong></span> <span class='ocrx_word' id='word_1_70' title='bbox 1080 1116 1178 1173; x_wconf 89' lang='grc' dir='ltr'>ρει·</span> <span class='ocrx_word' id='word_1_71' title='bbox 1200 1098 1591 1157; x_wconf 78' lang='lat' dir='ltr'><strong>adminiculum</strong></span> <span class='ocrx_word' id='word_1_72' title='bbox 1606 1102 1664 1156; x_wconf 85' lang='lat'><strong>3.</strong></span> 
     </span>
     <span class='ocr_line' id='line_1_10' title="bbox 156 1181 1666 1265; baseline 0 -20"><span class='ocrx_word' id='word_1_73' title='bbox 156 1197 259 1265; x_wconf 72' lang='lat' dir='ltr'><strong>Ergo</strong></span> <span class='ocrx_word' id='word_1_74' title='bbox 288 1207 371 1263; x_wconf 85' lang='lat' dir='ltr'><strong>per</strong></span> <span class='ocrx_word' id='word_1_75' title='bbox 403 1188 594 1245; x_wconf 88' lang='lat' dir='ltr'><strong>omnia</strong></span> <span class='ocrx_word' id='word_1_76' title='bbox 630 1188 873 1245; x_wconf 87' lang='lat' dir='ltr'><strong>similem</strong></span> <span class='ocrx_word' id='word_1_77' title='bbox 908 1205 1052 1262; x_wconf 80' lang='lat' dir='ltr'><strong>esse,</strong></span> <span class='ocrx_word' id='word_1_78' title='bbox 1096 1181 1399 1265; x_wconf 83' lang='lat' dir='ltr'><strong>(quantum</strong></span> <span class='ocrx_word' id='word_1_79' title='bbox 1436 1189 1511 1245; x_wconf 88' lang='lat' dir='ltr'><strong>ad</strong></span> <span class='ocrx_word' id='word_1_80' title='bbox 1546 1206 1666 1246; x_wconf 87' lang='lat' dir='ltr'><strong>rem</strong></span> 
     </span>
    </p>

    <p class='ocr_par' dir='ltr' id='par_1_3' title="bbox 75 1273 1669 2415">
     <span class='ocr_line' id='line_1_11' title="bbox 156 1273 1667 1356; baseline 0.001 -23.129"><span class='ocrx_word' id='word_1_81' title='bbox 156 1273 453 1356; x_wconf 73' lang='lat' dir='ltr'><strong>pertinet)est</strong></span> <span class='ocrx_word' id='word_1_82' title='bbox 486 1277 551 1333; x_wconf 90' lang='lat' dir='ltr'><strong>in</strong></span> <span class='ocrx_word' id='word_1_83' title='bbox 588 1277 751 1351; x_wconf 82' lang='lat' dir='ltr'><strong>praxi</strong></span> <span class='ocrx_word' id='word_1_84' title='bbox 786 1278 1101 1333; x_wconf 87' lang='lat' dir='ltr'><strong>tenendum.</strong></span> <span class='ocrx_word' id='word_1_85' title='bbox 1175 1277 1303 1335; x_wconf 87' lang='lat' dir='ltr'><strong>Jam</strong></span> <span class='ocrx_word' id='word_1_86' title='bbox 1340 1294 1440 1351; x_wconf 85' lang='lat' dir='ltr'><strong>per</strong></span> <span class='ocrx_word' id='word_1_87' title='bbox 1476 1278 1667 1334; x_wconf 87' lang='lat' dir='ltr'><strong>omnia</strong></span> 
     </span>
     <span class='ocr_line' id='line_1_12' title="bbox 154 1365 1662 1439; baseline -0.003 -13"><span class='ocrx_word' id='word_1_88' title='bbox 154 1369 297 1426; x_wconf 81' lang='lat' dir='ltr'><strong>similis</strong></span> <span class='ocrx_word' id='word_1_89' title='bbox 320 1367 545 1437; x_wconf 65' lang='lat' dir='ltr'><strong>effecum,</strong></span> <span class='ocrx_word' id='word_1_90' title='bbox 575 1382 675 1439; x_wconf 81' lang='lat' dir='ltr'><strong>per</strong></span> <span class='ocrx_word' id='word_1_91' title='bbox 700 1366 1095 1423; x_wconf 71' lang='lat' dir='ltr'><strong>adminiuilum</strong></span> <span class='ocrx_word' id='word_1_92' title='bbox 1123 1367 1149 1421; x_wconf 93' lang='lat'>1</span> <span class='ocrx_word' id='word_1_93' title='bbox 1162 1406 1175 1422; x_wconf 92' lang='lat'><strong>.</strong></span> <span class='ocrx_word' id='word_1_94' title='bbox 1204 1365 1471 1423; x_wconf 87' lang='lat' dir='ltr'><strong>nimirum</strong></span> <span class='ocrx_word' id='word_1_95' title='bbox 1499 1366 1662 1438; x_wconf 85' lang='lat' dir='ltr'><strong>ustio,</strong></span> 
     </span>
     <span class='ocr_line' id='line_1_13' title="bbox 154 1454 1669 1533; baseline -0.001 -20"><span class='ocrx_word' id='word_1_96' title='bbox 154 1478 225 1533; x_wconf 79' lang='lat' dir='ltr'><strong>per</strong></span> <span class='ocrx_word' id='word_1_97' title='bbox 257 1454 585 1529; x_wconf 77' lang='lat' dir='ltr'><strong>hypothesin:</strong></span> <span class='ocrx_word' id='word_1_98' title='bbox 640 1455 787 1527; x_wconf 83' lang='lat' dir='ltr'><strong>Ergo</strong></span> <span class='ocrx_word' id='word_1_99' title='bbox 838 1455 1023 1527; x_wconf 80' lang='lat' dir='ltr'><strong>ignem</strong></span> <span class='ocrx_word' id='word_1_100' title='bbox 1070 1456 1241 1511; x_wconf 87' lang='lat' dir='ltr'><strong>talem</strong></span> <span class='ocrx_word' id='word_1_101' title='bbox 1290 1468 1669 1528; x_wconf 78' lang='lat' dir='ltr'><strong>quemcunque</strong></span> 
     </span>
     <span class='ocr_line' id='line_1_14' title="bbox 152 1544 1668 1617; baseline -0.003 -13"><span class='ocrx_word' id='word_1_102' title='bbox 152 1548 353 1616; x_wconf 76' lang='lat' dir='ltr'><strong>oblatum,</strong></span> <span class='ocrx_word' id='word_1_103' title='bbox 392 1560 483 1599; x_wconf 87' lang='lat' dir='ltr'><strong>seu</strong></span> <span class='ocrx_word' id='word_1_104' title='bbox 508 1559 739 1599; x_wconf 86' lang='lat' dir='ltr'><strong>omnem</strong></span> <span class='ocrx_word' id='word_1_105' title='bbox 764 1544 925 1599; x_wconf 89' lang='lat' dir='ltr'><strong>illum</strong></span> <span class='ocrx_word' id='word_1_106' title='bbox 950 1544 1141 1617; x_wconf 87' lang='lat' dir='ltr'><strong>ignem</strong></span> <span class='ocrx_word' id='word_1_107' title='bbox 1174 1548 1445 1615; x_wconf 85' lang='lat' dir='ltr'><strong>usturum,</strong></span> <span class='ocrx_word' id='word_1_108' title='bbox 1482 1546 1569 1599; x_wconf 87' lang='lat' dir='ltr'><strong>est</strong></span> <span class='ocrx_word' id='word_1_109' title='bbox 1604 1544 1668 1599; x_wconf 91' lang='lat' dir='ltr'><strong>in</strong></span> 
     </span>
     <span class='ocr_line' id='line_1_15' title="bbox 150 1632 1667 1709; baseline 0 -20"><span class='ocrx_word' id='word_1_110' title='bbox 150 1636 265 1709; x_wconf 74' lang='lat' dir='ltr'><strong>praxi</strong></span> <span class='ocrx_word' id='word_1_111' title='bbox 286 1632 585 1689; x_wconf 79' lang='lat' dir='ltr'><strong>tenendum.</strong></span> <span class='ocrx_word' id='word_1_112' title='bbox 630 1632 791 1701; x_wconf 85' lang='lat' dir='ltr'><strong>Quod</strong></span> <span class='ocrx_word' id='word_1_113' title='bbox 820 1636 939 1689; x_wconf 87' lang='lat' dir='ltr'><strong>erat</strong></span> <span class='ocrx_word' id='word_1_114' title='bbox 966 1632 1471 1689; x_wconf 79' lang='lat' dir='ltr'><strong>demonstrandum.</strong></span> <span class='ocrx_word' id='word_1_115' title='bbox 1522 1632 1667 1689; x_wconf 83' lang='lat' dir='ltr'><strong>Hine</strong></span> 
     </span>
     <span class='ocr_line' id='line_1_16' title="bbox 144 1720 1668 1795; baseline -0.002 -16"><span class='ocrx_word' id='word_1_116' title='bbox 144 1724 231 1793; x_wconf 82' lang='lat' dir='ltr'><strong>jam</strong></span> <span class='ocrx_word' id='word_1_117' title='bbox 250 1726 392 1795; x_wconf 78' lang='lat' dir='ltr'><strong>patet,</strong></span> <span class='ocrx_word' id='word_1_118' title='bbox 420 1720 795 1777; x_wconf 83' lang='lat' dir='ltr'><strong>inductionem</strong></span> <span class='ocrx_word' id='word_1_119' title='bbox 820 1736 921 1793; x_wconf 86' lang='lat' dir='ltr'><strong>pei·</strong></span> <span class='ocrx_word' id='word_1_120' title='bbox 959 1738 1021 1778; x_wconf 83' lang='lat' dir='ltr'><strong>se</strong></span> <span class='ocrx_word' id='word_1_121' title='bbox 1047 1722 1185 1779; x_wconf 85' lang='lat' dir='ltr'><strong>nihil</strong></span> <span class='ocrx_word' id='word_1_122' title='bbox 1224 1721 1555 1795; x_wconf 84' lang='lat' dir='ltr'><strong>producere,</strong></span> <span class='ocrx_word' id='word_1_123' title='bbox 1594 1737 1668 1777; x_wconf 91' lang='lat' dir='ltr'><strong>ne</strong></span> 
     </span>
     <span class='ocr_line' id='line_1_17' title="bbox 149 1810 1667 1883; baseline -0.002 -15"><span class='ocrx_word' id='word_1_124' title='bbox 149 1811 457 1869; x_wconf 76' lang='lat' dir='ltr'><strong>certitudinem</strong></span> <span class='ocrx_word' id='word_1_125' title='bbox 510 1810 739 1882; x_wconf 87' lang='lat' dir='ltr'><strong>quidem</strong></span> <span class='ocrx_word' id='word_1_126' title='bbox 795 1810 1091 1883; x_wconf 85' lang='lat' dir='ltr'><strong>moralem,</strong></span> <span class='ocrx_word' id='word_1_127' title='bbox 1148 1810 1271 1867; x_wconf 87' lang='lat' dir='ltr'><strong>sine</strong></span> <span class='ocrx_word' id='word_1_128' title='bbox 1326 1810 1667 1866; x_wconf 83' lang='lat' dir='ltr'><strong>adminiculo</strong></span> 
     </span>
     <span class='ocr_line' id='line_1_18' title="bbox 148 1898 1667 1975; baseline 0.001 -21"><span class='ocrx_word' id='word_1_129' title='bbox 148 1899 513 1975; x_wconf 84' lang='lat' dir='ltr'><strong>pmpusitionmn</strong></span> <span class='ocrx_word' id='word_1_130' title='bbox 546 1914 663 1954; x_wconf 89' lang='lat' dir='ltr'><strong>non</strong></span> <span class='ocrx_word' id='word_1_131' title='bbox 690 1898 764 1955; x_wconf 88' lang='lat' dir='ltr'><strong>ab</strong></span> <span class='ocrx_word' id='word_1_132' title='bbox 792 1898 1127 1971; x_wconf 79' lang='lat' dir='ltr'><strong>inductione,</strong></span> <span class='ocrx_word' id='word_1_133' title='bbox 1166 1900 1263 1955; x_wconf 88' lang='lat' dir='ltr'><strong>sed</strong></span> <span class='ocrx_word' id='word_1_134' title='bbox 1298 1899 1515 1955; x_wconf 85' lang='lat' dir='ltr'><strong>ratione</strong></span> <span class='ocrx_word' id='word_1_135' title='bbox 1542 1898 1667 1955; x_wconf 90' lang='lat' dir='ltr'><strong>uni-</strong></span> 
     </span>
     <span class='ocr_line' id='line_1_19' title="bbox 146 1986 1668 2060; baseline 0.001 -19"><span class='ocrx_word' id='word_1_136' title='bbox 146 1989 290 2045; x_wconf 72' lang='lat' dir='ltr'><strong>vesuli</strong></span> <span class='ocrx_word' id='word_1_137' title='bbox 324 1986 703 2060; x_wconf 64' lang='lat' dir='ltr'><strong>pendentium,</strong></span> <span class='ocrx_word' id='word_1_138' title='bbox 752 2003 885 2043; x_wconf 86' lang='lat' dir='ltr'><strong>nain</strong></span> <span class='ocrx_word' id='word_1_139' title='bbox 933 1988 981 2044; x_wconf 89' lang='lat' dir='ltr'><strong>si</strong></span> <span class='ocrx_word' id='word_1_140' title='bbox 1020 1990 1205 2044; x_wconf 84' lang='lat' dir='ltr'><strong>essent</strong></span> <span class='ocrx_word' id='word_1_141' title='bbox 1241 1993 1299 2043; x_wconf 90' lang='lat' dir='ltr'><strong>et</strong></span> <span class='ocrx_word' id='word_1_142' title='bbox 1334 1986 1668 2045; x_wconf 86' lang='lat' dir='ltr'><strong>adminicula</strong></span> 
     </span>
     <span class='ocr_line' id='line_1_20' title="bbox 146 2075 1666 2148; baseline -0.001 -16"><span class='ocrx_word' id='word_1_143' title='bbox 146 2079 197 2133; x_wconf 81' lang='lat' dir='ltr'><strong>ab</strong></span> <span class='ocrx_word' id='word_1_144' title='bbox 216 2077 507 2147; x_wconf 85' lang='lat' dir='ltr'><strong>inductione,</strong></span> <span class='ocrx_word' id='word_1_145' title='bbox 543 2075 853 2148; x_wconf 81' lang='lat' dir='ltr'><strong>indigerent</strong></span> <span class='ocrx_word' id='word_1_146' title='bbox 878 2076 1039 2133; x_wconf 86' lang='lat' dir='ltr'><strong>novis</strong></span> <span class='ocrx_word' id='word_1_147' title='bbox 1066 2076 1413 2133; x_wconf 81' lang='lat' dir='ltr'><strong>adminiculis</strong></span> <span class='ocrx_word' id='word_1_148' title='bbox 1440 2093 1543 2132; x_wconf 89' lang='lat' dir='ltr'><strong>nec</strong></span> <span class='ocrx_word' id='word_1_149' title='bbox 1570 2076 1666 2131; x_wconf 82' lang='lat' dir='ltr'><strong>ha·-</strong></span> 
     </span>
     <span class='ocr_line' id='line_1_21' title="bbox 144 2164 1665 2221; baseline -0.001 0"><span class='ocrx_word' id='word_1_150' title='bbox 144 2168 309 2221; x_wconf 76' lang='lat' dir='ltr'><strong>bemtur</strong></span> <span class='ocrx_word' id='word_1_151' title='bbox 330 2164 597 2221; x_wconf 81' lang='lat' dir='ltr'><strong>certitudo</strong></span> <span class='ocrx_word' id='word_1_152' title='bbox 625 2165 851 2221; x_wconf 85' lang='lat' dir='ltr'><strong>moralis</strong></span> <span class='ocrx_word' id='word_1_153' title='bbox 890 2165 952 2221; x_wconf 91' lang='lat' dir='ltr'><strong>in</strong></span> <span class='ocrx_word' id='word_1_154' title='bbox 980 2165 1273 2221; x_wconf 85' lang='lat' dir='ltr'><strong>infinitum.</strong></span> <span class='ocrx_word' id='word_1_155' title='bbox 1360 2165 1469 2221; x_wconf 86' lang='lat' dir='ltr'><strong>Sed</strong></span> <span class='ocrx_word' id='word_1_156' title='bbox 1494 2164 1665 2221; x_wconf 72' lang='lat' dir='ltr'><strong>‹certi-</strong></span> 
     </span>
     <span class='ocr_line' id='line_1_22' title="bbox 75 2254 1664 2327; baseline 0 -18"><span class='ocrx_word' id='word_1_157' title='bbox 75 2314 77 2319; x_wconf 62' lang='grc'><strong>,</strong></span> <span class='ocrx_word' id='word_1_158' title='bbox 144 2254 240 2309; x_wconf 74' lang='lat' dir='ltr'><strong>tudo</strong></span> <span class='ocrx_word' id='word_1_159' title='bbox 261 2256 475 2325; x_wconf 78' lang='lat' dir='ltr'><strong>perfecta</strong></span> <span class='ocrx_word' id='word_1_160' title='bbox 502 2254 583 2309; x_wconf 85' lang='lat' dir='ltr'><strong>ab</strong></span> <span class='ocrx_word' id='word_1_161' title='bbox 612 2254 929 2312; x_wconf 87' lang='lat' dir='ltr'><strong>inductione</strong></span> <span class='ocrx_word' id='word_1_162' title='bbox 954 2254 1163 2327; x_wconf 82' lang='lat' dir='ltr'><strong>sperari</strong></span> <span class='ocrx_word' id='word_1_163' title='bbox 1190 2255 1359 2327; x_wconf 88' lang='lat' dir='ltr'><strong>plane</strong></span> <span class='ocrx_word' id='word_1_164' title='bbox 1384 2269 1501 2309; x_wconf 87' lang='lat' dir='ltr'><strong>non</strong></span> <span class='ocrx_word' id='word_1_165' title='bbox 1539 2257 1664 2327; x_wconf 87' lang='lat' dir='ltr'><strong>pot-</strong></span> 
     </span>
     <span class='ocr_line' id='line_1_23' title="bbox 134 2342 1663 2415; baseline -0.002 -17"><span class='ocrx_word' id='word_1_166' title='bbox 134 2348 209 2413; x_wconf 69' lang='lat' dir='ltr'><strong>⁸est,</strong></span> <span class='ocrx_word' id='word_1_167' title='bbox 240 2342 419 2398; x_wconf 87' lang='lat' dir='ltr'><strong>additis</strong></span> <span class='ocrx_word' id='word_1_168' title='bbox 458 2342 877 2414; x_wconf 79' lang='lat' dir='ltr'><strong>quibuscunque</strong></span> <span class='ocrx_word' id='word_1_169' title='bbox 912 2342 1278 2415; x_wconf 79' lang='lat' dir='ltr'><strong>adminiculiS,</strong></span> <span class='ocrx_word' id='word_1_170' title='bbox 1320 2346 1377 2398; x_wconf 90' lang='lat' dir='ltr'><strong>et</strong></span> <span class='ocrx_word' id='word_1_171' title='bbox 1414 2342 1663 2415; x_wconf 87' lang='lat' dir='ltr'><strong>proposi-</strong></span> 
     </span>
    </p>
   </div>
   <div class='ocr_carea' id='block_1_3' title="bbox 1762 479 3426 2416">
    <p class='ocr_par' dir='ltr' id='par_1_4' title="bbox 1762 479 3426 1441">
     <span class='ocr_line' id='line_1_24' title="bbox 1764 479 3426 557; baseline 0.003 -20"><span class='ocrx_word' id='word_1_172' title='bbox 1764 479 2028 554; x_wconf 82' lang='lat' dir='ltr'><strong>prodibit,</strong></span> <span class='ocrx_word' id='word_1_173' title='bbox 2067 480 2164 553; x_wconf 88' lang='lat' dir='ltr'><strong>qui</strong></span> <span class='ocrx_word' id='word_1_174' title='bbox 2203 480 2428 553; x_wconf 81' lang='lat' dir='ltr'><strong>negabit</strong></span> <span class='ocrx_word' id='word_1_175' title='bbox 2463 479 2540 539; x_wconf 83' lang='lat' dir='ltr'><strong>ob</strong></span> <span class='ocrx_word' id='word_1_176' title='bbox 2575 482 2904 555; x_wconf 84' lang='lat' dir='ltr'><strong>peculiarem</strong></span> <span class='ocrx_word' id='word_1_177' title='bbox 2945 482 3224 557; x_wconf 84' lang='lat' dir='ltr'><strong>quandam</strong></span> <span class='ocrx_word' id='word_1_178' title='bbox 3257 500 3346 542; x_wconf 82' lang='lat' dir='ltr'><strong>ra·</strong></span> <span class='ocrx_word' id='word_1_179' title='bbox 3422 520 3426 524; x_wconf 87' lang='lat'>-</span> 
     </span>
     <span class='ocr_line' id='line_1_25' title="bbox 1764 567 3346 647; baseline 0.005 -24"><span class='ocrx_word' id='word_1_180' title='bbox 1764 568 1976 625; x_wconf 89' lang='lat' dir='ltr'><strong>tionem</strong></span> <span class='ocrx_word' id='word_1_181' title='bbox 2005 570 2066 626; x_wconf 89' lang='lat' dir='ltr'><strong>in</strong></span> <span class='ocrx_word' id='word_1_182' title='bbox 2093 567 2218 625; x_wconf 91' lang='lat' dir='ltr'><strong>aliis</strong></span> <span class='ocrx_word' id='word_1_183' title='bbox 2243 570 2490 627; x_wconf 85' lang='lat' dir='ltr'><strong>nondum</strong></span> <span class='ocrx_word' id='word_1_184' title='bbox 2518 572 2743 627; x_wconf 86' lang='lat' dir='ltr'><strong>tentatis</strong></span> <span class='ocrx_word' id='word_1_185' title='bbox 2769 588 2958 629; x_wconf 86' lang='lat' dir='ltr'><strong>veram</strong></span> <span class='ocrx_word' id='word_1_186' title='bbox 2983 590 3118 645; x_wconf 83' lang='lat' dir='ltr'><strong>esse,</strong></span> <span class='ocrx_word' id='word_1_187' title='bbox 3157 588 3346 647; x_wconf 86' lang='lat' dir='ltr'><strong>quem-</strong></span> 
     </span>
     <span class='ocr_line' id='line_1_26' title="bbox 1762 657 3344 732; baseline 0.003 -19"><span class='ocrx_word' id='word_1_188' title='bbox 1762 657 2065 714; x_wconf 76' lang='lat' dir='ltr'><strong>admodum</strong></span> <span class='ocrx_word' id='word_1_189' title='bbox 2093 674 2166 713; x_wconf 83' lang='lat' dir='ltr'><strong>ex</strong></span> <span class='ocrx_word' id='word_1_190' title='bbox 2193 661 2340 715; x_wconf 84' lang='lat' dir='ltr'><strong>facto</strong></span> <span class='ocrx_word' id='word_1_191' title='bbox 2367 658 2570 715; x_wconf 85' lang='lat' dir='ltr'><strong>scimus</strong></span> <span class='ocrx_word' id='word_1_192' title='bbox 2597 661 3008 732; x_wconf 80' lang='lat' dir='ltr'><strong>Gregorium</strong></span> <span class='ocrx_word' id='word_1_193' title='bbox 3035 678 3072 717; x_wconf 90' lang='lat' dir='ltr'><strong>a</strong></span> <span class='ocrx_word' id='word_1_194' title='bbox 3099 664 3156 720; x_wconf 91' lang='lat' dir='ltr'><strong>S.</strong></span> <span class='ocrx_word' id='word_1_195' title='bbox 3186 663 3344 721; x_wconf 86' lang='lat' dir='ltr'><strong>Vin-</strong></span> 
     </span>
     <span class='ocr_line' id='line_1_27' title="bbox 1762 746 3344 824; baseline 0.005 -24"><span class='ocrx_word' id='word_1_196' title='bbox 1762 746 2001 811; x_wconf 67' lang='lat' dir='ltr'><strong>centio</strong></span> <span class='ocrx_word' id='word_1_197' title='bbox 2028 763 2273 819; x_wconf 80' lang='lat' dir='ltr'><strong>negasse,</strong></span> <span class='ocrx_word' id='word_1_198' title='bbox 2295 750 2477 803; x_wconf 87' lang='lat' dir='ltr'><strong>totum</strong></span> <span class='ocrx_word' id='word_1_199' title='bbox 2496 764 2614 805; x_wconf 84' lang='lat' dir='ltr'><strong>csse</strong></span> <span class='ocrx_word' id='word_1_200' title='bbox 2635 747 2814 818; x_wconf 73' lang='lat' dir='ltr'><strong>majus</strong></span> <span class='ocrx_word' id='word_1_201' title='bbox 2833 766 2934 807; x_wconf 86' lang='lat' dir='ltr'><strong>sua</strong></span> <span class='ocrx_word' id='word_1_202' title='bbox 2953 755 3126 824; x_wconf 86' lang='lat' dir='ltr'><strong>parte,</strong></span> <span class='ocrx_word' id='word_1_203' title='bbox 3157 750 3218 807; x_wconf 91' lang='lat' dir='ltr'><strong>in</strong></span> <span class='ocrx_word' id='word_1_204' title='bbox 3243 767 3344 809; x_wconf 81' lang='lat' dir='ltr'><strong>an-</strong></span> 
     </span>
     <span class='ocr_line' id='line_1_28' title="bbox 1764 835 3342 912; baseline 0.004 -22"><span class='ocrx_word' id='word_1_205' title='bbox 1764 835 1906 907; x_wconf 79' lang='lat' dir='ltr'><strong>gulis</strong></span> <span class='ocrx_word' id='word_1_206' title='bbox 1932 836 2128 892; x_wconf 80' lang='lat' dir='ltr'><strong>saltem</strong></span> <span class='ocrx_word' id='word_1_207' title='bbox 2145 840 2462 905; x_wconf 73' lang='lat' dir='ltr'><strong>contactum,</strong></span> <span class='ocrx_word' id='word_1_208' title='bbox 2505 835 2642 892; x_wconf 83' lang='lat' dir='ltr'><strong>alios</strong></span> <span class='ocrx_word' id='word_1_209' title='bbox 2679 836 2740 892; x_wconf 91' lang='lat' dir='ltr'><strong>in</strong></span> <span class='ocrx_word' id='word_1_210' title='bbox 2779 836 3028 912; x_wconf 78' lang='lat' dir='ltr'><strong>infinito3</strong></span> <span class='ocrx_word' id='word_1_211' title='bbox 3067 844 3126 895; x_wconf 87' lang='grc' dir='ltr'><strong>ει</strong></span> <span class='ocrx_word' id='word_1_212' title='bbox 3165 839 3342 897; x_wconf 84' lang='lat' dir='ltr'><strong>Tho·-</strong></span> 
     </span>
     <span class='ocr_line' id='line_1_29' title="bbox 1764 923 3345 999; baseline 0.003 -22"><span class='ocrx_word' id='word_1_213' title='bbox 1764 938 1937 979; x_wconf 88' lang='lat' dir='ltr'><strong>mam</strong></span> <span class='ocrx_word' id='word_1_214' title='bbox 1963 923 2272 997; x_wconf 79' lang='lat' dir='ltr'><strong>HobbeS,</strong></span> <span class='ocrx_word' id='word_1_215' title='bbox 2317 924 2403 994; x_wconf 89' lang='lat' dir='ltr'><strong>(at</strong></span> <span class='ocrx_word' id='word_1_216' title='bbox 2429 940 2592 997; x_wconf 87' lang='lat' dir='ltr'><strong>quem</strong></span> <span class='ocrx_word' id='word_1_217' title='bbox 2630 924 3154 999; x_wconf 51' lang='lat' dir='ltr'><strong>virumn-coepisse</strong></span> <span class='ocrx_word' id='word_1_218' title='bbox 3181 928 3345 986; x_wconf 63' lang='lat' dir='ltr'><strong>dubi-2</strong></span> 
     </span>
     <span class='ocr_line' id='line_1_30' title="bbox 1764 1012 3344 1089; baseline 0.004 -21"><span class='ocrx_word' id='word_1_219' title='bbox 1764 1016 1885 1068; x_wconf 87' lang='lat' dir='ltr'><strong>tare</strong></span> <span class='ocrx_word' id='word_1_220' title='bbox 1912 1013 1984 1069; x_wconf 91' lang='lat' dir='ltr'><strong>de</strong></span> <span class='ocrx_word' id='word_1_221' title='bbox 2009 1013 2382 1086; x_wconf 84' lang='lat' dir='ltr'><strong>propositione</strong></span> <span class='ocrx_word' id='word_1_222' title='bbox 2407 1012 2506 1069; x_wconf 88' lang='lat' dir='ltr'><strong>illa</strong></span> <span class='ocrx_word' id='word_1_223' title='bbox 2533 1013 2880 1070; x_wconf 85' lang='lat' dir='ltr'><strong>Geometrica</strong></span> <span class='ocrx_word' id='word_1_224' title='bbox 2900 1030 2936 1070; x_wconf 86' lang='lat' dir='ltr'><strong>a</strong></span> <span class='ocrx_word' id='word_1_225' title='bbox 2955 1015 3344 1089; x_wconf 77' lang='lat' dir='ltr'><strong>Pythagora</strong></span> 
     </span>
     <span class='ocr_line' id='line_1_31' title="bbox 1766 1101 3342 1179; baseline 0.004 -22"><span class='ocrx_word' id='word_1_226' title='bbox 1766 1101 2156 1175; x_wconf 82' lang='lat' dir='ltr'><strong>demonstrata,</strong></span> <span class='ocrx_word' id='word_1_227' title='bbox 2187 1106 2244 1158; x_wconf 88' lang='lat' dir='ltr'><strong>et</strong></span> <span class='ocrx_word' id='word_1_228' title='bbox 2263 1102 2618 1159; x_wconf 86' lang='lat' dir='ltr'><strong>hecatombae</strong></span> <span class='ocrx_word' id='word_1_229' title='bbox 2643 1102 2906 1159; x_wconf 73' lang='lat' dir='ltr'><strong>sacrificio</strong></span> <span class='ocrx_word' id='word_1_230' title='bbox 2933 1103 3101 1177; x_wconf 78' lang='lat' dir='ltr'><strong>digna</strong></span> <span class='ocrx_word' id='word_1_231' title='bbox 3125 1106 3342 1179; x_wconf 75' lang='lat' dir='ltr'><strong>habita3</strong></span> 
     </span>
     <span class='ocr_line' id='line_1_32' title="bbox 1764 1189 3345 1267; baseline 0.003 -22"><span class='ocrx_word' id='word_1_232' title='bbox 1764 1189 1915 1261; x_wconf 89' lang='lat' dir='ltr'><strong>quod</strong></span> <span class='ocrx_word' id='word_1_233' title='bbox 1941 1206 2044 1263; x_wconf 87' lang='lat' dir='ltr'><strong>ego</strong></span> <span class='ocrx_word' id='word_1_234' title='bbox 2071 1206 2188 1245; x_wconf 92' lang='lat' dir='ltr'><strong>non</strong></span> <span class='ocrx_word' id='word_1_235' title='bbox 2215 1190 2336 1245; x_wconf 88' lang='lat' dir='ltr'><strong>sine</strong></span> <span class='ocrx_word' id='word_1_236' title='bbox 2361 1195 2584 1264; x_wconf 88' lang='lat' dir='ltr'><strong>stupore</strong></span> <span class='ocrx_word' id='word_1_237' title='bbox 2609 1190 2734 1263; x_wconf 86' lang='lat' dir='ltr'><strong>legi.</strong></span> <span class='ocrx_word' id='word_1_238' title='bbox 2797 1190 2984 1264; x_wconf 85' lang='lat' dir='ltr'><strong>Atque</strong></span> <span class='ocrx_word' id='word_1_239' title='bbox 3009 1192 3068 1248; x_wconf 85' lang='lat' dir='ltr'><strong>bi</strong></span> <span class='ocrx_word' id='word_1_240' title='bbox 3087 1198 3218 1249; x_wconf 88' lang='lat' dir='ltr'><strong>sunt</strong></span> <span class='ocrx_word' id='word_1_241' title='bbox 3245 1211 3345 1267; x_wconf 88' lang='grc' dir='ltr'><strong>ρο-</strong></span> 
     </span>
     <span class='ocr_line' id='line_1_33' title="bbox 1764 1278 3344 1355; baseline 0.003 -22"><span class='ocrx_word' id='word_1_242' title='bbox 1764 1278 1966 1333; x_wconf 83' lang='lat' dir='ltr'><strong>tissimi</strong></span> <span class='ocrx_word' id='word_1_243' title='bbox 1991 1278 2260 1335; x_wconf 89' lang='lat' dir='ltr'><strong>Nizolii</strong></span> <span class='ocrx_word' id='word_1_244' title='bbox 2290 1280 2464 1335; x_wconf 86' lang='lat' dir='ltr'><strong>nostri</strong></span> <span class='ocrx_word' id='word_1_245' title='bbox 2493 1295 2719 1351; x_wconf 70' lang='lat' dir='ltr'><strong>errores,</strong></span> <span class='ocrx_word' id='word_1_246' title='bbox 2761 1279 2901 1336; x_wconf 87' lang='lat' dir='ltr'><strong>alios</strong></span> <span class='ocrx_word' id='word_1_247' title='bbox 2937 1281 3143 1355; x_wconf 77' lang='lat' dir='ltr'><strong>pai-tim</strong></span> <span class='ocrx_word' id='word_1_248' title='bbox 3181 1286 3344 1338; x_wconf 91' lang='lat' dir='ltr'><strong>notu·-</strong></span> 
     </span>
     <span class='ocr_line' id='line_1_34' title="bbox 1766 1366 3346 1441; baseline 0.005 -20"><span class='ocrx_word' id='word_1_249' title='bbox 1766 1366 1853 1421; x_wconf 89' lang='lat' dir='ltr'><strong>lis</strong></span> <span class='ocrx_word' id='word_1_250' title='bbox 1875 1367 2138 1441; x_wconf 71' lang='lat' dir='ltr'><strong>inspeisis</strong></span> <span class='ocrx_word' id='word_1_251' title='bbox 2175 1368 2470 1440; x_wconf 80' lang='lat' dir='ltr'><strong>tetigimuS,</strong></span> <span class='ocrx_word' id='word_1_252' title='bbox 2510 1367 2714 1441; x_wconf 87' lang='lat' dir='ltr'><strong>partim</strong></span> <span class='ocrx_word' id='word_1_253' title='bbox 2751 1368 2889 1424; x_wconf 84' lang='lat' dir='ltr'><strong>tales</strong></span> <span class='ocrx_word' id='word_1_254' title='bbox 2925 1386 3044 1426; x_wconf 83' lang='lat' dir='ltr'><strong>esse</strong></span> <span class='ocrx_word' id='word_1_255' title='bbox 3073 1369 3346 1439; x_wconf 79' lang='lat' dir='ltr'><strong>judicavi·-</strong></span> 
     </span>
    </p>

    <p class='ocr_par' dir='ltr' id='par_1_5' title="bbox 1765 1456 3352 2416">
     <span class='ocr_line' id='line_1_35' title="bbox 1766 1456 3346 1535; baseline 0.003 -25"><span class='ocrx_word' id='word_1_256' title='bbox 1766 1470 1908 1535; x_wconf 88' lang='lat' dir='ltr'><strong>mus,</strong></span> <span class='ocrx_word' id='word_1_257' title='bbox 1947 1459 2010 1511; x_wconf 90' lang='lat' dir='ltr'><strong>ut</strong></span> <span class='ocrx_word' id='word_1_258' title='bbox 2045 1457 2120 1512; x_wconf 90' lang='lat' dir='ltr'><strong>ab</strong></span> <span class='ocrx_word' id='word_1_259' title='bbox 2157 1460 2372 1513; x_wconf 87' lang='lat' dir='ltr'><strong>attento</strong></span> <span class='ocrx_word' id='word_1_260' title='bbox 2410 1458 2630 1529; x_wconf 89' lang='lat' dir='ltr'><strong>lectore,</strong></span> <span class='ocrx_word' id='word_1_261' title='bbox 2659 1456 2756 1529; x_wconf 87' lang='lat' dir='ltr'><strong>qui</strong></span> <span class='ocrx_word' id='word_1_262' title='bbox 2791 1457 2924 1513; x_wconf 87' lang='lat' dir='ltr'><strong>haec</strong></span> <span class='ocrx_word' id='word_1_263' title='bbox 2961 1462 3152 1515; x_wconf 85' lang='lat' dir='ltr'><strong>nostra</strong></span> <span class='ocrx_word' id='word_1_264' title='bbox 3188 1475 3346 1533; x_wconf 84' lang='lat' dir='ltr'><strong>prae-</strong></span> 
     </span>
     <span class='ocr_line' id='line_1_36' title="bbox 1765 1543 3348 1621; baseline 0.003 -22"><span class='ocrx_word' id='word_1_265' title='bbox 1765 1544 1986 1600; x_wconf 84' lang='lat' dir='ltr'><strong>mittere</strong></span> <span class='ocrx_word' id='word_1_266' title='bbox 2013 1543 2266 1616; x_wconf 83' lang='lat' dir='ltr'><strong>dignatus</strong></span> <span class='ocrx_word' id='word_1_267' title='bbox 2291 1546 2393 1618; x_wconf 87' lang='lat' dir='ltr'><strong>sit,</strong></span> <span class='ocrx_word' id='word_1_268' title='bbox 2423 1545 2754 1619; x_wconf 83' lang='lat' dir='ltr'><strong>deprehendi</strong></span> <span class='ocrx_word' id='word_1_269' title='bbox 2791 1562 2909 1601; x_wconf 90' lang='lat' dir='ltr'><strong>non</strong></span> <span class='ocrx_word' id='word_1_270' title='bbox 2945 1562 3150 1619; x_wconf 84' lang='lat' dir='ltr'><strong>magno</strong></span> <span class='ocrx_word' id='word_1_271' title='bbox 3177 1564 3348 1621; x_wconf 80' lang='lat' dir='ltr'><strong>nego-</strong></span> 
     </span>
     <span class='ocr_line' id='line_1_37' title="bbox 1766 1631 3350 1709; baseline 0.004 -23"><span class='ocrx_word' id='word_1_272' title='bbox 1766 1632 1847 1687; x_wconf 87' lang='lat' dir='ltr'><strong>tio</strong></span> <span class='ocrx_word' id='word_1_273' title='bbox 1877 1631 2308 1705; x_wconf 85' lang='lat' dir='ltr'><strong>possint.ch</strong></span> <span class='ocrx_word' id='word_1_274' title='bbox 2335 1633 2502 1705; x_wconf 85' lang='lat' dir='ltr'><strong>igitur</strong></span> <span class='ocrx_word' id='word_1_275' title='bbox 2527 1633 2956 1707; x_wconf 75' lang='lat' dir='ltr'><strong>loquacissimae,</strong></span> <span class='ocrx_word' id='word_1_276' title='bbox 3001 1636 3114 1709; x_wconf 83' lang='lat' dir='ltr'><strong>sed,</strong></span> <span class='ocrx_word' id='word_1_277' title='bbox 3153 1636 3216 1692; x_wconf 87' lang='grc' dir='ltr'><strong>ιιι</strong></span> <span class='ocrx_word' id='word_1_278' title='bbox 3243 1637 3350 1693; x_wconf 83' lang='lat' dir='ltr'><strong>fal-</strong></span> 
     </span>
     <span class='ocr_line' id='line_1_38' title="bbox 1766 1720 3344 1797; baseline 0.004 -21"><span class='ocrx_word' id='word_1_279' title='bbox 1766 1720 1871 1795; x_wconf 90' lang='lat' dir='ltr'><strong>lor,</strong></span> <span class='ocrx_word' id='word_1_280' title='bbox 1915 1721 2268 1793; x_wconf 66' lang='lat' dir='ltr'><strong>necessariae,</strong></span> <span class='ocrx_word' id='word_1_281' title='bbox 2309 1722 2636 1793; x_wconf 84' lang='lat' dir='ltr'><strong>praefationi</strong></span> <span class='ocrx_word' id='word_1_282' title='bbox 2674 1722 2798 1777; x_wconf 89' lang='lat' dir='ltr'><strong>finis</strong></span> <span class='ocrx_word' id='word_1_283' title='bbox 2839 1723 3206 1797; x_wconf 85' lang='lat' dir='ltr'><strong>imponendus</strong></span> <span class='ocrx_word' id='word_1_284' title='bbox 3245 1730 3344 1781; x_wconf 86' lang='lat' dir='ltr'><strong>est.</strong></span> 
     </span>
     <span class='ocr_line' id='line_1_39' title="bbox 1766 1809 3347 1887; baseline 0.004 -22"><span class='ocrx_word' id='word_1_285' title='bbox 1766 1809 1827 1865; x_wconf 88' lang='lat' dir='ltr'><strong>Si</strong></span> <span class='ocrx_word' id='word_1_286' title='bbox 1873 1810 1998 1882; x_wconf 92' lang='lat' dir='ltr'><strong>quis</strong></span> <span class='ocrx_word' id='word_1_287' title='bbox 2043 1810 2267 1883; x_wconf 85' lang='lat' dir='ltr'><strong>metuit,</strong></span> <span class='ocrx_word' id='word_1_288' title='bbox 2319 1826 2394 1865; x_wconf 90' lang='lat' dir='ltr'><strong>ne</strong></span> <span class='ocrx_word' id='word_1_289' title='bbox 2445 1810 2642 1868; x_wconf 85' lang='lat' dir='ltr'><strong>domus</strong></span> <span class='ocrx_word' id='word_1_290' title='bbox 2693 1814 2854 1884; x_wconf 83' lang='lat' dir='ltr'><strong>porta</strong></span> <span class='ocrx_word' id='word_1_291' title='bbox 2891 1811 3158 1886; x_wconf 85' lang='lat' dir='ltr'><strong>elabatur,</strong></span> <span class='ocrx_word' id='word_1_292' title='bbox 3197 1815 3347 1887; x_wconf 84' lang='lat' dir='ltr'><strong>cogi-</strong></span> 
     </span>
     <span class='ocr_line' id='line_1_40' title="bbox 1767 1898 3346 1972; baseline 0.004 -19"><span class='ocrx_word' id='word_1_293' title='bbox 1767 1901 1851 1954; x_wconf 89' lang='lat' dir='ltr'><strong>tet</strong></span> <span class='ocrx_word' id='word_1_294' title='bbox 1900 1898 2114 1953; x_wconf 83' lang='lat' dir='ltr'><strong>aditum</strong></span> <span class='ocrx_word' id='word_1_295' title='bbox 2171 1902 2424 1955; x_wconf 83' lang='lat' dir='ltr'><strong>nostrum</strong></span> <span class='ocrx_word' id='word_1_296' title='bbox 2479 1904 2597 1955; x_wconf 80' lang='lat' dir='ltr'><strong>tam</strong></span> <span class='ocrx_word' id='word_1_297' title='bbox 2645 1902 2893 1972; x_wconf 82' lang='lat' dir='ltr'><strong>vastum,</strong></span> <span class='ocrx_word' id='word_1_298' title='bbox 2949 1900 3177 1957; x_wconf 90' lang='lat' dir='ltr'><strong>domum</strong></span> <span class='ocrx_word' id='word_1_299' title='bbox 3229 1906 3346 1959; x_wconf 88' lang='lat' dir='ltr'><strong>tam</strong></span> 
     </span>
     <span class='ocr_line' id='line_1_41' title="bbox 1768 1987 3352 2064; baseline 0.003 -21"><span class='ocrx_word' id='word_1_300' title='bbox 1768 2002 1999 2061; x_wconf 81' lang='lat' dir='ltr'><strong>parvam</strong></span> <span class='ocrx_word' id='word_1_301' title='bbox 2027 2004 2162 2061; x_wconf 63' lang='lat' dir='ltr'><strong>osse,</strong></span> <span class='ocrx_word' id='word_1_302' title='bbox 2195 1987 2327 2061; x_wconf 88' lang='lat' dir='ltr'><strong>quia</strong></span> <span class='ocrx_word' id='word_1_303' title='bbox 2343 1990 2540 2060; x_wconf 86' lang='lat' dir='ltr'><strong>coepta</strong></span> <span class='ocrx_word' id='word_1_304' title='bbox 2567 1991 2652 2043; x_wconf 63' lang='lat' dir='ltr'><strong>est</strong></span> <span class='ocrx_word' id='word_1_305' title='bbox 2677 1990 2927 2058; x_wconf 79' lang='lat' dir='ltr'><strong>tantum3</strong></span> <span class='ocrx_word' id='word_1_306' title='bbox 2955 1988 3004 2043; x_wconf 86' lang='lat' dir='ltr'><strong>si</strong></span> <span class='ocrx_word' id='word_1_307' title='bbox 3033 1994 3162 2062; x_wconf 84' lang='lat' dir='ltr'><strong>post</strong></span> <span class='ocrx_word' id='word_1_308' title='bbox 3185 1990 3352 2064; x_wconf 68' lang='lat' dir='ltr'><strong>[ogi-</strong></span> 
     </span>
     <span class='ocr_line' id='line_1_42' title="bbox 1766 2074 3346 2152; baseline 0.001 -20"><span class='ocrx_word' id='word_1_309' title='bbox 1766 2090 1910 2149; x_wconf 87' lang='lat' dir='ltr'><strong>cam,</strong></span> <span class='ocrx_word' id='word_1_310' title='bbox 1937 2079 2276 2133; x_wconf 70' lang='lat' dir='ltr'><strong>caeterarum</strong></span> <span class='ocrx_word' id='word_1_311' title='bbox 2314 2092 2532 2149; x_wconf 87' lang='lat' dir='ltr'><strong>quoque</strong></span> <span class='ocrx_word' id='word_1_312' title='bbox 2569 2075 2810 2149; x_wconf 84' lang='lat' dir='ltr'><strong>partium</strong></span> <span class='ocrx_word' id='word_1_313' title='bbox 2847 2074 3042 2133; x_wconf 88' lang='lat' dir='ltr'><strong>similis</strong></span> <span class='ocrx_word' id='word_1_314' title='bbox 3089 2094 3346 2152; x_wconf 85' lang='lat' dir='ltr'><strong>repurga-</strong></span> 
     </span>
     <span class='ocr_line' id='line_1_43' title="bbox 1768 2164 3350 2237; baseline 0.003 -18"><span class='ocrx_word' id='word_1_315' title='bbox 1768 2164 1849 2221; x_wconf 83' lang='lat' dir='ltr'><strong>tio</strong></span> <span class='ocrx_word' id='word_1_316' title='bbox 1879 2164 2178 2237; x_wconf 73' lang='lat' dir='ltr'><strong>accesserit,</strong></span> <span class='ocrx_word' id='word_1_317' title='bbox 2209 2169 2334 2221; x_wconf 89' lang='lat' dir='ltr'><strong>tum</strong></span> <span class='ocrx_word' id='word_1_318' title='bbox 2361 2166 2494 2221; x_wconf 80' lang='lat' dir='ltr'><strong>faxo</strong></span> <span class='ocrx_word' id='word_1_319' title='bbox 2519 2169 2585 2221; x_wconf 88' lang='lat' dir='ltr'><strong>ut</strong></span> <span class='ocrx_word' id='word_1_320' title='bbox 2623 2164 2682 2219; x_wconf 90' lang='lat' dir='ltr'><strong>in</strong></span> <span class='ocrx_word' id='word_1_321' title='bbox 2715 2164 2927 2233; x_wconf 85' lang='lat' dir='ltr'><strong>justam</strong></span> <span class='ocrx_word' id='word_1_322' title='bbox 2967 2167 3158 2222; x_wconf 88' lang='lat' dir='ltr'><strong>omnia</strong></span> <span class='ocrx_word' id='word_1_323' title='bbox 3196 2180 3350 2237; x_wconf 80' lang='lat' dir='ltr'><strong>sym-</strong></span> 
     </span>
     <span class='ocr_line' id='line_1_44' title="bbox 1766 2252 3352 2328; baseline 0.002 -19"><span class='ocrx_word' id='word_1_324' title='bbox 1766 2253 2024 2309; x_wconf 86' lang='lat' dir='ltr'><strong>metriam</strong></span> <span class='ocrx_word' id='word_1_325' title='bbox 2049 2254 2294 2326; x_wconf 83' lang='lat' dir='ltr'><strong>redeant,</strong></span> <span class='ocrx_word' id='word_1_326' title='bbox 2323 2270 2428 2310; x_wconf 90' lang='lat' dir='ltr'><strong>nec</strong></span> <span class='ocrx_word' id='word_1_327' title='bbox 2453 2253 2744 2327; x_wconf 82' lang='lat' dir='ltr'><strong>quisquam</strong></span> <span class='ocrx_word' id='word_1_328' title='bbox 2772 2252 3012 2328; x_wconf 87' lang='lat' dir='ltr'><strong>amplius</strong></span> <span class='ocrx_word' id='word_1_329' title='bbox 3039 2254 3110 2311; x_wconf 86' lang='lat' dir='ltr'><strong>de</strong></span> <span class='ocrx_word' id='word_1_330' title='bbox 3136 2256 3352 2328; x_wconf 82' lang='lat' dir='ltr'><strong>magni-</strong></span> 
     </span>
     <span class='ocr_line' id='line_1_45' title="bbox 1767 2341 3352 2416; baseline 0.003 -19"><span class='ocrx_word' id='word_1_331' title='bbox 1767 2341 1961 2398; x_wconf 86' lang='lat' dir='ltr'><strong>tudine</strong></span> <span class='ocrx_word' id='word_1_332' title='bbox 1999 2342 2154 2414; x_wconf 86' lang='lat' dir='ltr'><strong>atrii,</strong></span> <span class='ocrx_word' id='word_1_333' title='bbox 2197 2342 2468 2416; x_wconf 80' lang='lat' dir='ltr'><strong>parvitate</strong></span> <span class='ocrx_word' id='word_1_334' title='bbox 2503 2358 2666 2399; x_wconf 82' lang='lat' dir='ltr'><strong>areae</strong></span> <span class='ocrx_word' id='word_1_335' title='bbox 2709 2347 3090 2416; x_wconf 84' lang='lat' dir='ltr'><strong>conqueratur.</strong></span> <span class='ocrx_word' id='word_1_336' title='bbox 3187 2344 3352 2409; x_wconf 86' lang='lat' dir='ltr'><strong>Quod</strong></span> 
     </span>
    </p>
   </div>
   <div class='ocr_carea' id='block_1_4' title="bbox 75 2430 3352 2505">
    <p class='ocr_par' dir='ltr' id='par_1_6' title="bbox 75 2430 3352 2505">
     <span class='ocr_line' id='line_1_46' title="bbox 75 2430 3352 2505; baseline 0.002 -21"><span class='ocrx_word' id='word_1_337' title='bbox 75 2438 77 2505; x_wconf 52' lang='grc' dir='ltr'><strong>ᾗ</strong></span> <span class='ocrx_word' id='word_1_338' title='bbox 142 2432 297 2487; x_wconf 75' lang='lat' dir='ltr'><strong>tionem</strong></span> <span class='ocrx_word' id='word_1_339' title='bbox 318 2432 474 2487; x_wconf 83' lang='lat' dir='ltr'><strong>hanc:</strong></span> <span class='ocrx_word' id='word_1_340' title='bbox 517 2436 707 2487; x_wconf 87' lang='lat' dir='ltr'><strong>totum</strong></span> <span class='ocrx_word' id='word_1_341' title='bbox 744 2430 925 2499; x_wconf 79' lang='lat' dir='ltr'><strong>majus</strong></span> <span class='ocrx_word' id='word_1_342' title='bbox 952 2448 1071 2488; x_wconf 85' lang='lat' dir='ltr'><strong>esse</strong></span> <span class='ocrx_word' id='word_1_343' title='bbox 1098 2448 1199 2487; x_wconf 85' lang='lat' dir='ltr'><strong>sua</strong></span> <span class='ocrx_word' id='word_1_344' title='bbox 1225 2434 1399 2505; x_wconf 87' lang='lat' dir='ltr'><strong>parte,</strong></span> <span class='ocrx_word' id='word_1_345' title='bbox 1430 2432 1549 2487; x_wconf 89' lang='lat' dir='ltr'><strong>sola</strong></span> <span class='ocrx_word' id='word_1_346' title='bbox 1578 2430 1665 2485; x_wconf 89' lang='lat' dir='ltr'><strong>in-</strong></span> <span class='ocrx_word' id='word_1_347' title='bbox 1766 2434 2030 2504; x_wconf 82' lang='lat' dir='ltr'><strong>superest,</strong></span> <span class='ocrx_word' id='word_1_348' title='bbox 2079 2432 2223 2503; x_wconf 82' lang='lat' dir='ltr'><strong>vale,</strong></span> <span class='ocrx_word' id='word_1_349' title='bbox 2265 2432 2462 2488; x_wconf 83' lang='lat' dir='ltr'><strong>Lector</strong></span> <span class='ocrx_word' id='word_1_350' title='bbox 2508 2431 2792 2504; x_wconf 79' lang='lat' dir='ltr'><strong>benevole,</strong></span> <span class='ocrx_word' id='word_1_351' title='bbox 2839 2436 2898 2489; x_wconf 91' lang='lat' dir='ltr'><strong>et</strong></span> <span class='ocrx_word' id='word_1_352' title='bbox 2945 2432 3192 2489; x_wconf 86' lang='lat' dir='ltr'><strong>studium</strong></span> <span class='ocrx_word' id='word_1_353' title='bbox 3239 2432 3352 2491; x_wconf 80' lang='lat' dir='ltr'><strong>tuis</strong></span> 
     </span>
    </p>
   </div>
   <div class='ocr_carea' id='block_1_5' title="bbox 140 2519 1663 2594">
    <p class='ocr_par' dir='ltr' id='par_1_7' title="bbox 140 2519 1663 2594">
     <span class='ocr_line' id='line_1_47' title="bbox 140 2519 1663 2594; baseline 0.001 -19"><span class='ocrx_word' id='word_1_354' title='bbox 140 2520 335 2576; x_wconf 80' lang='lat' dir='ltr'><strong>ductione</strong></span> <span class='ocrx_word' id='word_1_355' title='bbox 378 2535 665 2593; x_wconf 87' lang='lat' dir='ltr'><strong>nunquam</strong></span> <span class='ocrx_word' id='word_1_356' title='bbox 707 2522 941 2594; x_wconf 76' lang='lat' dir='ltr'><strong>perfecte</strong></span> <span class='ocrx_word' id='word_1_357' title='bbox 990 2521 1239 2577; x_wconf 81' lang='lat' dir='ltr'><strong>sciemus.</strong></span> <span class='ocrx_word' id='word_1_358' title='bbox 1326 2519 1467 2576; x_wconf 82' lang='lat' dir='ltr'><strong>Mox</strong></span> <span class='ocrx_word' id='word_1_359' title='bbox 1512 2519 1663 2576; x_wconf 86' lang='lat' dir='ltr'><strong>euim</strong></span> 
     </span>
    </p>
   </div>
   <div class='ocr_carea' id='block_1_6' title="bbox 1764 2519 2868 2607">
    <p class='ocr_par' dir='ltr' id='par_1_8' title="bbox 1764 2519 2868 2607">
     <span class='ocr_line' id='line_1_48' title="bbox 1764 2519 2868 2607; baseline 0.001 -31"><span class='ocrx_word' id='word_1_360' title='bbox 1764 2520 2072 2576; x_wconf 85' lang='lat' dir='ltr'><strong>commodis</strong></span> <span class='ocrx_word' id='word_1_361' title='bbox 2111 2520 2430 2607; x_wconf 70' lang='lat' dir='ltr'><strong>consulendi</strong></span> <span class='ocrx_word' id='word_1_362' title='bbox 2457 2519 2592 2576; x_wconf 91' lang='lat' dir='ltr'><strong>boni</strong></span> <span class='ocrx_word' id='word_1_363' title='bbox 2629 2522 2868 2577; x_wconf 86' lang='lat' dir='ltr'><strong>consule.</strong></span> 
     </span>
    </p>
   </div>
   <div class='ocr_carea' id='block_1_7' title="bbox 1408 2780 2132 2789">
    <p class='ocr_par' dir='ltr' id='par_1_9' title="bbox 1408 2780 2132 2789">
     <span class='ocr_line' id='line_1_49' title="bbox 1408 2780 2132 2789; baseline 0.001 -3"><span class='ocrx_word' id='word_1_364' title='bbox 1408 2781 1525 2787; x_wconf 70' lang='lat'><strong>-—-</strong></span> <span class='ocrx_word' id='word_1_365' title='bbox 1555 2780 2132 2789; x_wconf 68' lang='lat'><strong>——..-..—---—---——--—</strong></span> 
     </span>
    </p>
   </div>
   <div class='ocr_carea' id='block_1_8' title="bbox 938 3059 2494 3372">
    <p class='ocr_par' dir='ltr' id='par_1_10' title="bbox 938 3059 2494 3372">
     <span class='ocr_line' id='line_1_50' title="bbox 1632 3059 1797 3152; baseline 0 0"><span class='ocrx_word' id='word_1_366' title='bbox 1632 3059 1797 3152; x_wconf 86' lang='lat' dir='ltr'><strong>VI.</strong></span> 
     </span>
     <span class='ocr_line' id='line_1_51' title="bbox 938 3249 2494 3372; baseline 0.002 -3"><span class='ocrx_word' id='word_1_367' title='bbox 938 3249 1189 3370; x_wconf 91' lang='lat' dir='ltr'><strong>DE</strong></span> <span class='ocrx_word' id='word_1_368' title='bbox 1280 3249 1739 3371; x_wconf 89' lang='lat' dir='ltr'><strong>VITA</strong></span> <span class='ocrx_word' id='word_1_369' title='bbox 1826 3249 2494 3372; x_wconf 87' lang='lat' dir='ltr'><strong>BEATA.</strong></span> 
     </span>
    </p>
   </div>
   <div class='ocr_carea' id='block_1_9' title="bbox 220 3571 3248 3638">
    <p class='ocr_par' dir='ltr' id='par_1_11' title="bbox 220 3571 3248 3638">
     <span class='ocr_line' id='line_1_52' title="bbox 220 3571 3248 3638; baseline 0.001 -16"><span class='ocrx_word' id='word_1_370' title='bbox 220 3575 607 3635; x_wconf 65' lang='lat' dir='ltr'><strong>(Animantium</strong></span> <span class='ocrx_word' id='word_1_371' title='bbox 644 3578 955 3624; x_wconf 79' lang='lat' dir='ltr'><strong>Lelbnitii</strong></span> <span class='ocrx_word' id='word_1_372' title='bbox 988 3579 1203 3626; x_wconf 75' lang='lat' dir='ltr'><strong>nondum</strong></span> <span class='ocrx_word' id='word_1_373' title='bbox 1237 3579 1437 3638; x_wconf 78' lang='lat' dir='ltr'><strong>editum,</strong></span> <span class='ocrx_word' id='word_1_374' title='bbox 1474 3579 1607 3634; x_wconf 76' lang='lat' dir='ltr'><strong>quod</strong></span> <span class='ocrx_word' id='word_1_375' title='bbox 1640 3580 1691 3626; x_wconf 83' lang='lat' dir='ltr'><strong>lii</strong></span> <span class='ocrx_word' id='word_1_376' title='bbox 1726 3581 1928 3628; x_wconf 78' lang='lat' dir='ltr'><strong>scriniis</strong></span> <span class='ocrx_word' id='word_1_377' title='bbox 1949 3579 2290 3626; x_wconf 73' lang='lat' dir='ltr'><strong>Bibliothecae</strong></span> <span class='ocrx_word' id='word_1_378' title='bbox 2326 3580 2518 3635; x_wconf 73' lang='lat' dir='ltr'><strong>Regiae</strong></span> <span class='ocrx_word' id='word_1_379' title='bbox 2553 3581 2918 3626; x_wconf 71' lang='lat' dir='ltr'><strong>mavei-anae</strong></span> <span class='ocrx_word' id='word_1_380' title='bbox 2963 3571 3248 3637; x_wconf 72' lang='lat' dir='ltr'><strong>reperitur.)</strong></span> 
     </span>
    </p>
   </div>
   <div class='ocr_carea' id='block_1_10' title="bbox 1505 3725 1759 3733">
    <p class='ocr_par' dir='ltr' id='par_1_12' title="bbox 1505 3725 1759 3733">
     <span class='ocr_line' id='line_1_53' title="bbox 1505 3725 1759 3733; baseline 0 2117"><span class='ocrx_word' id='word_1_381' title='bbox 1505 3725 1759 3733; x_wconf 95' lang='lat' dir='ltr'><strong> </strong></span> 
     </span>
    </p>
   </div>
   <div class='ocr_carea' id='block_1_11' title="bbox 75 3840 1679 5248">
    <p class='ocr_par' dir='ltr' id='par_1_13' title="bbox 138 3840 1673 4090">
     <span class='ocr_line' id='line_1_54' title="bbox 204 3840 1671 3915; baseline 0.004 -22"><span class='ocrx_word' id='word_1_382' title='bbox 204 3840 335 3898; x_wconf 63' lang='lat' dir='ltr'><strong>lita</strong></span> <span class='ocrx_word' id='word_1_383' title='bbox 376 3843 593 3901; x_wconf 82' lang='lat' dir='ltr'><strong>beata</strong></span> <span class='ocrx_word' id='word_1_384' title='bbox 644 3848 747 3914; x_wconf 85' lang='lat' dir='ltr'><strong>est,</strong></span> <span class='ocrx_word' id='word_1_385' title='bbox 798 3842 987 3899; x_wconf 90' lang='lat' dir='ltr'><strong>animo</strong></span> <span class='ocrx_word' id='word_1_386' title='bbox 1027 3843 1263 3915; x_wconf 77' lang='lat' dir='ltr'><strong>perfecte</strong></span> <span class='ocrx_word' id='word_1_387' title='bbox 1304 3846 1566 3899; x_wconf 88' lang='lat' dir='ltr'><strong>contento</strong></span> <span class='ocrx_word' id='word_1_388' title='bbox 1604 3859 1671 3899; x_wconf 85' lang='lat' dir='ltr'><strong>ae</strong></span> 
     </span>
     <span class='ocr_line' id='line_1_55' title="bbox 140 3931 1673 4030; baseline 0.004 -48"><span class='ocrx_word' id='word_1_389' title='bbox 140 3931 375 4000; x_wconf 83' lang='lat' dir='ltr'><strong>tranquillo</strong></span> <span class='ocrx_word' id='word_1_390' title='bbox 412 3933 559 4004; x_wconf 80' lang='lat' dir='ltr'><strong>frui,</strong></span> <span class='ocrx_word' id='word_1_391' title='bbox 590 3931 667 3988; x_wconf 84' lang='lat' dir='ltr'><strong>ad</strong></span> <span class='ocrx_word' id='word_1_392' title='bbox 704 3947 870 4005; x_wconf 86' lang='lat' dir='ltr'><strong>quam</strong></span> <span class='ocrx_word' id='word_1_393' title='bbox 912 3931 1299 4004; x_wconf 82' lang='lat' dir='ltr'><strong>acquirendam</strong></span> <span class='ocrx_word' id='word_1_394' title='bbox 1338 3947 1557 4030; x_wconf 77' lang='lat' dir='ltr'><strong>necesse</strong></span> <span class='ocrx_word' id='word_1_395' title='bbox 1588 3935 1673 3988; x_wconf 83' lang='lat' dir='ltr'><strong>est</strong></span> 
     </span>
     <span class='ocr_line' id='line_1_56' title="bbox 138 4019 421 4090; baseline 0.027 -19"><span class='ocrx_word' id='word_1_396' title='bbox 138 4022 181 4072; x_wconf 86' lang='lat' dir='ltr'><strong>ut</strong></span> <span class='ocrx_word' id='word_1_397' title='bbox 200 4019 421 4090; x_wconf 82' lang='lat' dir='ltr'><strong>quilibet.</strong></span> 
     </span>
    </p>

    <p class='ocr_par' dir='ltr' id='par_1_14' title="bbox 138 4108 1673 4450">
     <span class='ocr_line' id='line_1_57' title="bbox 196 4108 1671 4182; baseline 0.002 -21"><span class='ocrx_word' id='word_1_398' title='bbox 196 4109 234 4161; x_wconf 92' lang='lat' dir='ltr'><strong>l</strong></span> <span class='ocrx_word' id='word_1_399' title='bbox 271 4109 547 4166; x_wconf 85' lang='lat' dir='ltr'><strong>Gonetur</strong></span> <span class='ocrx_word' id='word_1_400' title='bbox 528 4108 761 4181; x_wconf 86' lang='lat' dir='ltr'><strong>ingenio</strong></span> <span class='ocrx_word' id='word_1_401' title='bbox 790 4125 891 4165; x_wconf 89' lang='lat' dir='ltr'><strong>suo</strong></span> <span class='ocrx_word' id='word_1_402' title='bbox 918 4125 1087 4182; x_wconf 84' lang='lat' dir='ltr'><strong>quain</strong></span> <span class='ocrx_word' id='word_1_403' title='bbox 1112 4109 1319 4182; x_wconf 86' lang='lat' dir='ltr'><strong>poterit</strong></span> <span class='ocrx_word' id='word_1_404' title='bbox 1346 4109 1553 4182; x_wconf 83' lang='lat' dir='ltr'><strong>optime</strong></span> <span class='ocrx_word' id='word_1_405' title='bbox 1588 4108 1671 4164; x_wconf 88' lang='lat' dir='ltr'><strong>uti</strong></span> 
     </span>
     <span class='ocr_line' id='line_1_58' title="bbox 140 4195 1671 4271; baseline 0.003 -22"><span class='ocrx_word' id='word_1_406' title='bbox 140 4195 187 4249; x_wconf 80' lang='lat' dir='ltr'><strong>ad</strong></span> <span class='ocrx_word' id='word_1_407' title='bbox 208 4212 275 4270; x_wconf 82' lang='lat' dir='ltr'><strong>ea,</strong></span> <span class='ocrx_word' id='word_1_408' title='bbox 300 4213 435 4268; x_wconf 88' lang='lat' dir='ltr'><strong>quae</strong></span> <span class='ocrx_word' id='word_1_409' title='bbox 460 4199 529 4254; x_wconf 88' lang='grc' dir='ltr'><strong>ιιι</strong></span> <span class='ocrx_word' id='word_1_410' title='bbox 558 4197 713 4254; x_wconf 84' lang='lat' dir='ltr'><strong>vitae</strong></span> <span class='ocrx_word' id='word_1_411' title='bbox 752 4197 969 4254; x_wconf 84' lang='lat' dir='ltr'><strong>casibus</strong></span> <span class='ocrx_word' id='word_1_412' title='bbox 1007 4201 1187 4255; x_wconf 77' lang='lat' dir='ltr'><strong>faeere</strong></span> <span class='ocrx_word' id='word_1_413' title='bbox 1226 4198 1317 4254; x_wconf 86' lang='lat' dir='ltr'><strong>vel</strong></span> <span class='ocrx_word' id='word_1_414' title='bbox 1354 4200 1543 4271; x_wconf 83' lang='lat' dir='ltr'><strong>fugere</strong></span> <span class='ocrx_word' id='word_1_415' title='bbox 1576 4197 1671 4254; x_wconf 89' lang='lat' dir='ltr'><strong>de·</strong></span> 
     </span>
     <span class='ocr_line' id='line_1_59' title="bbox 138 4283 1673 4360; baseline 0.003 -22"><span class='ocrx_word' id='word_1_416' title='bbox 138 4283 251 4357; x_wconf 74' lang='lat' dir='ltr'><strong>beet,</strong></span> <span class='ocrx_word' id='word_1_417' title='bbox 294 4287 707 4360; x_wconf 65' lang='lat' dir='ltr'><strong>eognoscentlaz,</strong></span> <span class='ocrx_word' id='word_1_418' title='bbox 748 4287 1026 4346; x_wconf 84' lang='lat' dir='ltr'><strong>breviter:</strong></span> <span class='ocrx_word' id='word_1_419' title='bbox 1076 4291 1141 4343; x_wconf 84' lang='lat' dir='ltr'><strong>ut</strong></span> <span class='ocrx_word' id='word_1_420' title='bbox 1176 4286 1393 4344; x_wconf 85' lang='lat' dir='ltr'><strong>assidue</strong></span> <span class='ocrx_word' id='word_1_421' title='bbox 1423 4287 1557 4359; x_wconf 87' lang='lat' dir='ltr'><strong>quid</strong></span> <span class='ocrx_word' id='word_1_422' title='bbox 1588 4286 1673 4342; x_wconf 88' lang='lat' dir='ltr'><strong>di·</strong></span> 
     </span>
     <span class='ocr_line' id='line_1_60' title="bbox 140 4376 1290 4450; baseline 0.002 -23"><span class='ocrx_word' id='word_1_423' title='bbox 140 4380 215 4427; x_wconf 66' lang='lat' dir='ltr'><strong>eti-t</strong></span> <span class='ocrx_word' id='word_1_424' title='bbox 236 4376 365 4431; x_wconf 80' lang='lat' dir='ltr'><strong>ratio</strong></span> <span class='ocrx_word' id='word_1_425' title='bbox 383 4380 703 4450; x_wconf 75' lang='lat' dir='ltr'><strong>cogiioscat.</strong></span> <span class='ocrx_word' id='word_1_426' title='bbox 744 4376 889 4431; x_wconf 87' lang='lat' dir='ltr'><strong>Hinc</strong></span> <span class='ocrx_word' id='word_1_427' title='bbox 908 4376 1290 4448; x_wconf 85' lang='lat' dir='ltr'><strong>Sapientia.</strong></span> 
     </span>
    </p>

    <p class='ocr_par' dir='ltr' id='par_1_15' title="bbox 140 4462 1679 4978">
     <span class='ocr_line' id='line_1_61' title="bbox 198 4462 1673 4538; baseline 0.001 -22"><span class='ocrx_word' id='word_1_428' title='bbox 198 4462 243 4516; x_wconf 87' lang='grc'><strong>2.</strong></span> <span class='ocrx_word' id='word_1_429' title='bbox 266 4465 343 4520; x_wconf 89' lang='lat' dir='ltr'><strong>Sit</strong></span> <span class='ocrx_word' id='word_1_430' title='bbox 372 4482 599 4538; x_wconf 81' lang='lat' dir='ltr'><strong>semper</strong></span> <span class='ocrx_word' id='word_1_431' title='bbox 628 4463 690 4520; x_wconf 91' lang='lat' dir='ltr'><strong>in</strong></span> <span class='ocrx_word' id='word_1_432' title='bbox 714 4465 879 4522; x_wconf 87' lang='lat' dir='ltr'><strong>firmo</strong></span> <span class='ocrx_word' id='word_1_433' title='bbox 906 4481 973 4520; x_wconf 88' lang='lat' dir='ltr'><strong>ac</strong></span> <span class='ocrx_word' id='word_1_434' title='bbox 990 4464 1266 4521; x_wconf 83' lang='lat' dir='ltr'><strong>constanti</strong></span> <span class='ocrx_word' id='word_1_435' title='bbox 1298 4463 1585 4537; x_wconf 84' lang='lat' dir='ltr'><strong>proposito</strong></span> <span class='ocrx_word' id='word_1_436' title='bbox 1604 4479 1673 4518; x_wconf 84' lang='lat' dir='ltr'><strong>ea</strong></span> 
     </span>
     <span class='ocr_line' id='line_1_62' title="bbox 142 4551 1673 4626; baseline 0.001 -21"><span class='ocrx_word' id='word_1_437' title='bbox 142 4551 277 4606; x_wconf 68' lang='lat' dir='ltr'><strong>mnia</strong></span> <span class='ocrx_word' id='word_1_438' title='bbox 310 4554 568 4626; x_wconf 79' lang='lat' dir='ltr'><strong>faciendi,</strong></span> <span class='ocrx_word' id='word_1_439' title='bbox 610 4569 757 4625; x_wconf 87' lang='lat' dir='ltr'><strong>quae</strong></span> <span class='ocrx_word' id='word_1_440' title='bbox 791 4569 889 4609; x_wconf 85' lang='lat' dir='ltr'><strong>sua</strong></span> <span class='ocrx_word' id='word_1_441' title='bbox 930 4554 1073 4610; x_wconf 85' lang='lat' dir='ltr'><strong>ratio</strong></span> <span class='ocrx_word' id='word_1_442' title='bbox 1110 4553 1219 4626; x_wconf 87' lang='lat' dir='ltr'><strong>ipsi</strong></span> <span class='ocrx_word' id='word_1_443' title='bbox 1256 4552 1529 4623; x_wconf 80' lang='lat' dir='ltr'><strong>suadebit,</strong></span> <span class='ocrx_word' id='word_1_444' title='bbox 1570 4568 1673 4608; x_wconf 87' lang='lat' dir='ltr'><strong>nec</strong></span> 
     </span>
     <span class='ocr_line' id='line_1_63' title="bbox 140 4639 1677 4715; baseline -0.001 -18"><span class='ocrx_word' id='word_1_445' title='bbox 140 4641 427 4707; x_wconf 70' lang='lat' dir='ltr'><strong>passionibus</strong></span> <span class='ocrx_word' id='word_1_446' title='bbox 456 4647 561 4698; x_wconf 86' lang='lat' dir='ltr'><strong>aut</strong></span> <span class='ocrx_word' id='word_1_447' title='bbox 602 4639 937 4715; x_wconf 75' lang='lat' dir='ltr'><strong>appetitibus</strong></span> <span class='ocrx_word' id='word_1_448' title='bbox 978 4643 1051 4700; x_wconf 83' lang='lat' dir='ltr'><strong>ab</strong></span> <span class='ocrx_word' id='word_1_449' title='bbox 1078 4643 1182 4698; x_wconf 87' lang='lat' dir='ltr'><strong>hoc</strong></span> <span class='ocrx_word' id='word_1_450' title='bbox 1218 4641 1419 4698; x_wconf 85' lang='lat' dir='ltr'><strong>abduci</strong></span> <span class='ocrx_word' id='word_1_451' title='bbox 1454 4657 1516 4696; x_wconf 90' lang='lat' dir='ltr'><strong>se</strong></span> <span class='ocrx_word' id='word_1_452' title='bbox 1552 4657 1677 4713; x_wconf 89' lang='lat' dir='ltr'><strong>per-</strong></span> 
     </span>
     <span class='ocr_line' id='line_1_64' title="bbox 142 4727 1679 4803; baseline 0.004 -23"><span class='ocrx_word' id='word_1_453' title='bbox 142 4727 298 4800; x_wconf 78' lang='lat' dir='ltr'><strong>mittat3</strong></span> <span class='ocrx_word' id='word_1_454' title='bbox 324 4731 599 4788; x_wconf 83' lang='lat' dir='ltr'><strong>breviter:</strong></span> <span class='ocrx_word' id='word_1_455' title='bbox 629 4735 695 4786; x_wconf 84' lang='lat' dir='ltr'><strong>ut</strong></span> <span class='ocrx_word' id='word_1_456' title='bbox 720 4731 1001 4803; x_wconf 60' lang='lat' dir='ltr'><strong>coffliitum</strong></span> <span class='ocrx_word' id='word_1_457' title='bbox 1020 4731 1170 4803; x_wconf 90' lang='lat' dir='ltr'><strong>quod</strong></span> <span class='ocrx_word' id='word_1_458' title='bbox 1196 4730 1258 4786; x_wconf 90' lang='lat' dir='ltr'><strong>in</strong></span> <span class='ocrx_word' id='word_1_459' title='bbox 1286 4747 1385 4786; x_wconf 88' lang='lat' dir='ltr'><strong>sua</strong></span> <span class='ocrx_word' id='word_1_460' title='bbox 1405 4732 1679 4802; x_wconf 80' lang='lat' dir='ltr'><strong>potestate</strong></span> 
     </span>
     <span class='ocr_line' id='line_1_65' title="bbox 144 4819 1677 4899; baseline 0.003 -29"><span class='ocrx_word' id='word_1_461' title='bbox 144 4821 217 4886; x_wconf 71' lang='lat' dir='ltr'><strong>est,</strong></span> <span class='ocrx_word' id='word_1_462' title='bbox 247 4820 496 4892; x_wconf 80' lang='lat' dir='ltr'><strong>quiequid</strong></span> <span class='ocrx_word' id='word_1_463' title='bbox 530 4825 599 4876; x_wconf 88' lang='lat' dir='ltr'><strong>ut</strong></span> <span class='ocrx_word' id='word_1_464' title='bbox 638 4820 976 4876; x_wconf 82' lang='lat' dir='ltr'><strong>contrarium</strong></span> <span class='ocrx_word' id='word_1_465' title='bbox 1002 4821 1229 4899; x_wconf 79' lang='lat' dir='ltr'><strong>affectus</strong></span> <span class='ocrx_word' id='word_1_466' title='bbox 1256 4819 1501 4891; x_wconf 82' lang='lat' dir='ltr'><strong>suadeat,</strong></span> <span class='ocrx_word' id='word_1_467' title='bbox 1532 4833 1677 4874; x_wconf 86' lang='lat' dir='ltr'><strong>asse-</strong></span> 
     </span>
     <span class='ocr_line' id='line_1_66' title="bbox 140 4909 757 4978; baseline 0.005 -19"><span class='ocrx_word' id='word_1_468' title='bbox 140 4913 307 4978; x_wconf 67' lang='lat' dir='ltr'><strong>quattu-3</strong></span> <span class='ocrx_word' id='word_1_469' title='bbox 332 4909 457 4965; x_wconf 88' lang='lat' dir='ltr'><strong>hinc</strong></span> <span class='ocrx_word' id='word_1_470' title='bbox 485 4909 757 4963; x_wconf 77' lang='lat' dir='ltr'><strong>Virtus,</strong></span> 
     </span>
    </p>

    <p class='ocr_par' dir='ltr' id='par_1_16' title="bbox 75 4995 1676 5248">
     <span class='ocr_line' id='line_1_67' title="bbox 198 4995 1676 5070; baseline 0 -18"><span class='ocrx_word' id='word_1_471' title='bbox 198 4995 240 5048; x_wconf 89' lang='grc'><strong>3.</strong></span> <span class='ocrx_word' id='word_1_472' title='bbox 264 4998 531 5054; x_wconf 84' lang='lat' dir='ltr'><strong>Attendat</strong></span> <span class='ocrx_word' id='word_1_473' title='bbox 555 4997 735 5070; x_wconf 80' lang='lat' dir='ltr'><strong>quod,</strong></span> <span class='ocrx_word' id='word_1_474' title='bbox 756 4997 1029 5069; x_wconf 78' lang='lat' dir='ltr'><strong>quamdiu</strong></span> <span class='ocrx_word' id='word_1_475' title='bbox 1060 5011 1133 5052; x_wconf 85' lang='lat' dir='ltr'><strong>ex</strong></span> <span class='ocrx_word' id='word_1_476' title='bbox 1162 4995 1379 5056; x_wconf 84' lang='lat' dir='ltr'><strong>ratione</strong></span> <span class='ocrx_word' id='word_1_477' title='bbox 1406 4999 1676 5068; x_wconf 87' lang='lat' dir='ltr'><strong>quantum</strong></span> 
     </span>
     <span class='ocr_line' id='line_1_68' title="bbox 140 5079 1673 5160; baseline 0 -18"><span class='ocrx_word' id='word_1_478' title='bbox 140 5079 217 5135; x_wconf 66' lang='lat' dir='ltr'><strong>fieri</strong></span> <span class='ocrx_word' id='word_1_479' title='bbox 237 5091 405 5156; x_wconf 83' lang='lat' dir='ltr'><strong>potest</strong></span> <span class='ocrx_word' id='word_1_480' title='bbox 442 5103 509 5142; x_wconf 85' lang='lat' dir='ltr'><strong>se</strong></span> <span class='ocrx_word' id='word_1_481' title='bbox 562 5086 727 5160; x_wconf 80' lang='lat' dir='ltr'><strong>gerit,</strong></span> <span class='ocrx_word' id='word_1_482' title='bbox 760 5087 909 5142; x_wconf 83' lang='lat' dir='ltr'><strong>bona</strong></span> <span class='ocrx_word' id='word_1_483' title='bbox 944 5085 1061 5158; x_wconf 86' lang='lat' dir='ltr'><strong>illa,</strong></span> <span class='ocrx_word' id='word_1_484' title='bbox 1102 5085 1301 5158; x_wconf 85' lang='lat' dir='ltr'><strong>quibus</strong></span> <span class='ocrx_word' id='word_1_485' title='bbox 1338 5089 1471 5140; x_wconf 88' lang='lat' dir='ltr'><strong>tunc</strong></span> <span class='ocrx_word' id='word_1_486' title='bbox 1506 5087 1673 5156; x_wconf 76' lang='lat' dir='ltr'><strong>earet,</strong></span> 
     </span>
     <span class='ocr_line' id='line_1_69' title="bbox 75 5173 1675 5248; baseline 0.003 -21"><span class='ocrx_word' id='word_1_487' title='bbox 75 5181 77 5196; x_wconf 90' lang='grc'><em>·</em></span> <span class='ocrx_word' id='word_1_488' title='bbox 139 5173 273 5229; x_wconf 79' lang='lat' dir='ltr'><strong>omnia</strong></span> <span class='ocrx_word' id='word_1_489' title='bbox 294 5175 405 5233; x_wconf 85' lang='lat' dir='ltr'><strong>sint</strong></span> <span class='ocrx_word' id='word_1_490' title='bbox 430 5173 702 5234; x_wconf 82' lang='lat' dir='ltr'><strong>absolute</strong></span> <span class='ocrx_word' id='word_1_491' title='bbox 734 5178 895 5234; x_wconf 81' lang='lat' dir='ltr'><strong>extra</strong></span> <span class='ocrx_word' id='word_1_492' title='bbox 930 5189 1088 5232; x_wconf 84' lang='lat' dir='ltr'><strong>suam</strong></span> <span class='ocrx_word' id='word_1_493' title='bbox 1124 5177 1470 5248; x_wconf 63' lang='lat' dir='ltr'><strong>intestatem,</strong></span> <span class='ocrx_word' id='word_1_494' title='bbox 1508 5177 1675 5247; x_wconf 87' lang='lat' dir='ltr'><strong>atque</strong></span> 
     </span>
    </p>
   </div>
   <div class='ocr_carea' id='block_1_12' title="bbox 1762 3723 1926 3732">
    <p class='ocr_par' dir='ltr' id='par_1_17' title="bbox 1762 3723 1926 3732">
     <span class='ocr_line' id='line_1_70' title="bbox 1762 3723 1926 3732; baseline -0.006 0"><span class='ocrx_word' id='word_1_495' title='bbox 1762 3723 1926 3732; x_wconf 79' lang='lat'>—-—-</span> 
     </span>
    </p>
   </div>
   <div class='ocr_carea' id='block_1_13' title="bbox 1769 3840 3405 4182">
    <p class='ocr_par' dir='ltr' id='par_1_18' title="bbox 1769 3840 3405 4182">
     <span class='ocr_line' id='line_1_71' title="bbox 1769 3840 3356 3914; baseline -0.001 -17"><span class='ocrx_word' id='word_1_496' title='bbox 1769 3842 1875 3897; x_wconf 90' lang='lat' dir='ltr'><strong>hoc</strong></span> <span class='ocrx_word' id='word_1_497' title='bbox 1901 3842 2118 3898; x_wconf 85' lang='lat' dir='ltr'><strong>ratione</strong></span> <span class='ocrx_word' id='word_1_498' title='bbox 2145 3840 2277 3914; x_wconf 88' lang='lat' dir='ltr'><strong>ipsis</strong></span> <span class='ocrx_word' id='word_1_499' title='bbox 2304 3857 2422 3896; x_wconf 87' lang='lat' dir='ltr'><strong>non</strong></span> <span class='ocrx_word' id='word_1_500' title='bbox 2447 3840 2730 3914; x_wconf 85' lang='lat' dir='ltr'><strong>cupiendis</strong></span> <span class='ocrx_word' id='word_1_501' title='bbox 2757 3844 3060 3897; x_wconf 75' lang='lat' dir='ltr'><strong>assuescat:</strong></span> <span class='ocrx_word' id='word_1_502' title='bbox 3089 3841 3356 3898; x_wconf 82' lang='lat' dir='ltr'><strong>breviter:</strong></span> 
     </span>
     <span class='ocr_line' id='line_1_72' title="bbox 1770 3929 3359 4004; baseline 0 -18"><span class='ocrx_word' id='word_1_503' title='bbox 1770 3934 1849 4004; x_wconf 88' lang='lat' dir='ltr'><strong>ut,</strong></span> <span class='ocrx_word' id='word_1_504' title='bbox 1881 3934 2160 3986; x_wconf 83' lang='lat' dir='ltr'><strong>assecutus</strong></span> <span class='ocrx_word' id='word_1_505' title='bbox 2186 3929 2408 4001; x_wconf 87' lang='lat' dir='ltr'><strong>cognita</strong></span> <span class='ocrx_word' id='word_1_506' title='bbox 2433 3934 2492 3986; x_wconf 88' lang='lat' dir='ltr'><strong>et</strong></span> <span class='ocrx_word' id='word_1_507' title='bbox 2517 3945 2644 3986; x_wconf 89' lang='lat' dir='ltr'><strong>cum</strong></span> <span class='ocrx_word' id='word_1_508' title='bbox 2671 3929 2886 3986; x_wconf 87' lang='lat' dir='ltr'><strong>ratione</strong></span> <span class='ocrx_word' id='word_1_509' title='bbox 2913 3929 3173 4002; x_wconf 82' lang='lat' dir='ltr'><strong>expedita</strong></span> <span class='ocrx_word' id='word_1_510' title='bbox 3213 3934 3271 3985; x_wconf 85' lang='lat' dir='ltr'><strong>et</strong></span> <span class='ocrx_word' id='word_1_511' title='bbox 3297 3930 3359 3986; x_wconf 90' lang='lat' dir='ltr'><strong>in</strong></span> 
     </span>
     <span class='ocr_line' id='line_1_73' title="bbox 1769 4018 3405 4102; baseline -0.001 -26"><span class='ocrx_word' id='word_1_512' title='bbox 1769 4022 2042 4092; x_wconf 85' lang='lat' dir='ltr'><strong>potestate</strong></span> <span class='ocrx_word' id='word_1_513' title='bbox 2069 4018 2380 4090; x_wconf 75' lang='lat' dir='ltr'><strong>existentia,</strong></span> <span class='ocrx_word' id='word_1_514' title='bbox 2409 4018 2566 4074; x_wconf 87' lang='lat' dir='ltr'><strong>nulla</strong></span> <span class='ocrx_word' id='word_1_515' title='bbox 2591 4018 2663 4074; x_wconf 89' lang='lat' dir='ltr'><strong>de</strong></span> <span class='ocrx_word' id='word_1_516' title='bbox 2689 4035 2750 4074; x_wconf 86' lang='lat' dir='ltr'><strong>re</strong></span> <span class='ocrx_word' id='word_1_517' title='bbox 2771 4019 3152 4090; x_wconf 83' lang='lat' dir='ltr'><strong>conquerendo</strong></span> <span class='ocrx_word' id='word_1_518' title='bbox 3165 4019 3358 4092; x_wconf 88' lang='lat' dir='ltr'><strong>-aequi-</strong></span> <span class='ocrx_word' id='word_1_519' title='bbox 3399 4091 3405 4102; x_wconf 33' lang='grc' dir='ltr'>Ι</span> 
     </span>
     <span class='ocr_line' id='line_1_74' title="bbox 1770 4107 2912 4182; baseline -0.002 -18"><span class='ocrx_word' id='word_1_520' title='bbox 1770 4112 1952 4182; x_wconf 65' lang='lat' dir='ltr'><strong>cecat,</strong></span> <span class='ocrx_word' id='word_1_521' title='bbox 1980 4109 2107 4164; x_wconf 88' lang='lat' dir='ltr'><strong>hinc</strong></span> <span class='ocrx_word' id='word_1_522' title='bbox 2133 4107 2374 4164; x_wconf 90' lang='lat' dir='ltr'><strong>Animi</strong></span> <span class='ocrx_word' id='word_1_523' title='bbox 2401 4107 2912 4180; x_wconf 84' lang='lat' dir='ltr'><strong>tranquillitas.</strong></span> 
     </span>
    </p>
   </div>
   <div class='ocr_carea' id='block_1_14' title="bbox 2239 4272 2889 4466">
    <p class='ocr_par' dir='ltr' id='par_1_19' title="bbox 2239 4272 2889 4466">
     <span class='ocr_line' id='line_1_75' title="bbox 2427 4272 2690 4331; baseline -0.011 0"><span class='ocrx_word' id='word_1_524' title='bbox 2427 4273 2614 4331; x_wconf 78' lang='lat' dir='ltr'>PARS</span> <span class='ocrx_word' id='word_1_525' title='bbox 2637 4272 2690 4329; x_wconf 79' lang='grc' dir='ltr'><strong>Ἰ.</strong></span> 
     </span>
     <span class='ocr_line' id='line_1_76' title="bbox 2239 4375 2889 4466; baseline 0 -22"><span class='ocrx_word' id='word_1_526' title='bbox 2239 4376 2362 4466; x_wconf 66' lang='lat' dir='ltr'><strong>DE</strong></span> <span class='ocrx_word' id='word_1_527' title='bbox 2415 4375 2889 4444; x_wconf 79' lang='lat' dir='ltr'><strong>SAPIENTIA.</strong></span> 
     </span>
    </p>
   </div>
   <div class='ocr_carea' id='block_1_15' title="bbox 1772 4547 3376 5243">
    <p class='ocr_par' dir='ltr' id='par_1_20' title="bbox 1772 4547 3376 5066">
     <span class='ocr_line' id='line_1_77' title="bbox 1863 4547 3360 4623; baseline 0.001 -19"><span class='ocrx_word' id='word_1_528' title='bbox 1863 4547 2230 4621; x_wconf 79' lang='lat' dir='ltr'><strong>Sapientia</strong></span> <span class='ocrx_word' id='word_1_529' title='bbox 2277 4552 2363 4606; x_wconf 86' lang='lat' dir='ltr'><strong>est</strong></span> <span class='ocrx_word' id='word_1_530' title='bbox 2419 4550 2660 4621; x_wconf 77' lang='lat' dir='ltr'><strong>perfecta</strong></span> <span class='ocrx_word' id='word_1_531' title='bbox 2714 4563 2907 4604; x_wconf 82' lang='lat' dir='ltr'><strong>eamm</strong></span> <span class='ocrx_word' id='word_1_532' title='bbox 2955 4563 3169 4623; x_wconf 83' lang='lat' dir='ltr'><strong>rerum,</strong></span> <span class='ocrx_word' id='word_1_533' title='bbox 3223 4563 3360 4622; x_wconf 88' lang='lat' dir='ltr'><strong>quas</strong></span> 
     </span>
     <span class='ocr_line' id='line_1_78' title="bbox 1773 4636 3362 4711; baseline 0.001 -18"><span class='ocrx_word' id='word_1_534' title='bbox 1773 4637 1942 4694; x_wconf 87' lang='lat' dir='ltr'><strong>homo</strong></span> <span class='ocrx_word' id='word_1_535' title='bbox 1970 4637 2188 4692; x_wconf 85' lang='lat' dir='ltr'><strong>novisse</strong></span> <span class='ocrx_word' id='word_1_536' title='bbox 2225 4641 2424 4710; x_wconf 87' lang='lat' dir='ltr'><strong>potest,</strong></span> <span class='ocrx_word' id='word_1_537' title='bbox 2455 4636 2699 4708; x_wconf 87' lang='lat' dir='ltr'><strong>scientia,</strong></span> <span class='ocrx_word' id='word_1_538' title='bbox 2729 4651 2872 4709; x_wconf 85' lang='lat' dir='ltr'><strong>quae</strong></span> <span class='ocrx_word' id='word_1_539' title='bbox 2909 4641 2967 4694; x_wconf 89' lang='lat' dir='ltr'><strong>et</strong></span> <span class='ocrx_word' id='word_1_540' title='bbox 3001 4639 3150 4694; x_wconf 86' lang='lat' dir='ltr'><strong>vitae</strong></span> <span class='ocrx_word' id='word_1_541' title='bbox 3187 4637 3362 4711; x_wconf 74' lang='lat' dir='ltr'><strong>ipsius</strong></span> 
     </span>
     <span class='ocr_line' id='line_1_79' title="bbox 1772 4725 3358 4799; baseline 0 -18"><span class='ocrx_word' id='word_1_542' title='bbox 1772 4727 1964 4799; x_wconf 80' lang='lat' dir='ltr'><strong>regula</strong></span> <span class='ocrx_word' id='word_1_543' title='bbox 2019 4725 2094 4782; x_wconf 89' lang='lat' dir='ltr'><strong>sit</strong></span> <span class='ocrx_word' id='word_1_544' title='bbox 2140 4730 2197 4782; x_wconf 90' lang='lat' dir='ltr'><strong>et</strong></span> <span class='ocrx_word' id='word_1_545' title='bbox 2235 4725 2534 4782; x_wconf 77' lang='lat' dir='ltr'><strong>valemdini</strong></span> <span class='ocrx_word' id='word_1_546' title='bbox 2587 4726 2992 4784; x_wconf 82' lang='lat' dir='ltr'><strong>conservandae</strong></span> <span class='ocrx_word' id='word_1_547' title='bbox 3041 4726 3358 4798; x_wconf 85' lang='lat' dir='ltr'><strong>artibusque</strong></span> 
     </span>
     <span class='ocr_line' id='line_1_80' title="bbox 1777 4814 3362 4872; baseline -0.002 -1"><span class='ocrx_word' id='word_1_548' title='bbox 1777 4814 2034 4872; x_wconf 84' lang='lat' dir='ltr'><strong>omnibus</strong></span> <span class='ocrx_word' id='word_1_549' title='bbox 2061 4814 2408 4872; x_wconf 84' lang='lat' dir='ltr'><strong>inveniendis</strong></span> <span class='ocrx_word' id='word_1_550' title='bbox 2435 4815 2714 4872; x_wconf 84' lang='lat' dir='ltr'><strong>inserviat.</strong></span> <span class='ocrx_word' id='word_1_551' title='bbox 2803 4815 2882 4871; x_wconf 90' lang='lat' dir='ltr'><strong>Ut</strong></span> <span class='ocrx_word' id='word_1_552' title='bbox 2921 4832 3052 4872; x_wconf 88' lang='lat' dir='ltr'><strong>vero</strong></span> <span class='ocrx_word' id='word_1_553' title='bbox 3089 4814 3362 4872; x_wconf 83' lang='lat' dir='ltr'><strong>discamus</strong></span> 
     </span>
     <span class='ocr_line' id='line_1_81' title="bbox 1773 4903 3376 4978; baseline -0.002 -16"><span class='ocrx_word' id='word_1_554' title='bbox 1773 4909 1922 4962; x_wconf 81' lang='lat' dir='ltr'><strong>recte</strong></span> <span class='ocrx_word' id='word_1_555' title='bbox 1951 4919 2112 4976; x_wconf 78' lang='lat' dir='ltr'><strong>agene</strong></span> <span class='ocrx_word' id='word_1_556' title='bbox 2135 4903 2410 4960; x_wconf 87' lang='lat' dir='ltr'><strong>rationem</strong></span> <span class='ocrx_word' id='word_1_557' title='bbox 2447 4904 2522 4960; x_wconf 87' lang='lat' dir='ltr'><strong>ad</strong></span> <span class='ocrx_word' id='word_1_558' title='bbox 2561 4905 2890 4976; x_wconf 78' lang='lat' dir='ltr'><strong>detegendas</strong></span> <span class='ocrx_word' id='word_1_559' title='bbox 2926 4905 3186 4962; x_wconf 83' lang='lat' dir='ltr'><strong>veritates</strong></span> <span class='ocrx_word' id='word_1_560' title='bbox 3221 4918 3376 4978; x_wconf 21' lang='lat' dir='ltr'><strong>qua-s·</strong></span> 
     </span>
     <span class='ocr_line' id='line_1_82' title="bbox 1774 4992 3214 5066; baseline -0.002 -18"><span class='ocrx_word' id='word_1_561' title='bbox 1774 4992 2108 5066; x_wconf 77' lang='lat' dir='ltr'><strong>ignoramuS,</strong></span> <span class='ocrx_word' id='word_1_562' title='bbox 2135 4997 2423 5064; x_wconf 87' lang='lat' dir='ltr'><strong>sequentes</strong></span> <span class='ocrx_word' id='word_1_563' title='bbox 2451 4992 2860 5050; x_wconf 73' lang='lat' dir='ltr'><strong>observationes</strong></span> <span class='ocrx_word' id='word_1_564' title='bbox 2887 4993 3214 5066; x_wconf 73' lang='lat' dir='ltr'><strong>proderunte</strong></span> 
     </span>
    </p>

    <p class='ocr_par' dir='ltr' id='par_1_21' title="bbox 1772 5079 3362 5243">
     <span class='ocr_line' id='line_1_83' title="bbox 1871 5079 3360 5154; baseline -0.003 -16"><span class='ocrx_word' id='word_1_565' title='bbox 1871 5083 1923 5138; x_wconf 90' lang='lat'><strong>1.</strong></span> <span class='ocrx_word' id='word_1_566' title='bbox 1967 5082 2046 5140; x_wconf 89' lang='lat' dir='ltr'><strong>Ut</strong></span> <span class='ocrx_word' id='word_1_567' title='bbox 2093 5080 2233 5138; x_wconf 82' lang='lat' dir='ltr'><strong>nihil</strong></span> <span class='ocrx_word' id='word_1_568' title='bbox 2278 5093 2522 5154; x_wconf 82' lang='lat' dir='ltr'><strong>unquam</strong></span> <span class='ocrx_word' id='word_1_569' title='bbox 2570 5081 2740 5138; x_wconf 86' lang='lat' dir='ltr'><strong>veluti</strong></span> <span class='ocrx_word' id='word_1_570' title='bbox 2767 5097 2958 5138; x_wconf 79' lang='lat' dir='ltr'><strong>verum</strong></span> <span class='ocrx_word' id='word_1_571' title='bbox 3005 5079 3360 5136; x_wconf 87' lang='lat' dir='ltr'><strong>admittamus</strong></span> 
     </span>
     <span class='ocr_line' id='line_1_84' title="bbox 1772 5165 3362 5243; baseline 0 -17"><span class='ocrx_word' id='word_1_572' title='bbox 1772 5168 1882 5226; x_wconf 85' lang='lat' dir='ltr'><strong>nisi</strong></span> <span class='ocrx_word' id='word_1_573' title='bbox 1919 5170 2070 5243; x_wconf 88' lang='lat' dir='ltr'><strong>quod</strong></span> <span class='ocrx_word' id='word_1_574' title='bbox 2106 5173 2222 5229; x_wconf 78' lang='lat' dir='ltr'><strong>tam</strong></span> <span class='ocrx_word' id='word_1_575' title='bbox 2259 5171 2408 5226; x_wconf 86' lang='lat' dir='ltr'><strong>clare</strong></span> <span class='ocrx_word' id='word_1_576' title='bbox 2453 5175 2512 5226; x_wconf 88' lang='lat' dir='ltr'><strong>et</strong></span> <span class='ocrx_word' id='word_1_577' title='bbox 2557 5173 2675 5228; x_wconf 87' lang='lat' dir='ltr'><strong>tam</strong></span> <span class='ocrx_word' id='word_1_578' title='bbox 2715 5169 2970 5228; x_wconf 85' lang='lat' dir='ltr'><strong>distinete</strong></span> <span class='ocrx_word' id='word_1_579' title='bbox 3011 5165 3222 5226; x_wconf 83' lang='lat' dir='ltr'><strong>rationi</strong></span> <span class='ocrx_word' id='word_1_580' title='bbox 3259 5184 3362 5226; x_wconf 90' lang='lat' dir='ltr'><strong>no-</strong></span> 
     </span>
    </p>
   </div>
  </div>
 </body>
</html>
