3717 5850
356 283 447 400 64
1319 341 1385 396 V.
1429 339 1531 398 DE
1568 339 1777 398 sum
1814 337 2340 398 Pmmsofflloo
2379 336 2668 396 NIZOLII.

354 485 755 542 abstractorum
775 495 1062 555 nunquam
1088 499 1209 556 ego,
1231 486 1297 539 ut
1321 499 1513 540 verum
1540 485 1733 558 fatear,
1764 483 1940 539 ullum

357 574 420 630 in
445 571 865 647 philosophandi
900 571 1147 644 rigoroso
1186 587 1381 644 genere
1418 589 1579 628 usum
1608 587 1940 643 magnopere

356 661 616 735 comperi,
656 661 859 717 abusus
900 677 1032 718 vero
1061 661 1265 717 multos
1294 666 1351 716 et
1390 677 1636 734 magnos,
1680 664 1738 715 et
1776 660 1938 715 valde

357 749 705 826 perniciosos.
786 749 863 804 At
888 749 949 804 in
976 749 1253 806 exoterica
1280 749 1495 806 dicendi
1522 749 1738 806 ratione
1772 748 1938 804 credo

356 840 633 896 abstracta
669 837 917 895 adhibita
956 839 1277 911 tempestive
1313 855 1417 895 usu
1453 855 1556 894 suo
1593 853 1708 892 non
1732 853 1933 911 carere,

357 944 551 985 acuere
588 927 739 1007 enim
764 925 1018 1000 inprimis
1045 926 1359 1000 sententias,
1398 929 1454 982 et
1481 927 1645 998 figere
1670 925 1827 997 quasi
1854 928 1940 980 at·

356 1017 661 1073 tentionem
710 1014 953 1088 lectoris,
1004 1031 1069 1073 ac
1118 1015 1189 1071 de
1235 1014 1462 1071 caeteris
1510 1013 1936 1086 cogitationibus

356 1104 867 1178 impraesentiarum
906 1103 1246 1160 dimittendis
1284 1103 1610 1174 admonere,
1662 1117 1819 1158 more
1854 1119 1938 1157 se·

354 1195 659 1250 cundarum
685 1192 993 1266 notionum,
1033 1193 1231 1264 quibus
1256 1209 1355 1248 cur
1380 1192 1654 1248 abstracta
1680 1190 1938 1264 aequipa-

355 1299 493 1356 rem,
523 1297 711 1338 causas
738 1281 913 1337 habeo
942 1280 1143 1335 multas
1170 1285 1227 1336 et
1252 1297 1463 1352 graves.
1552 1279 1699 1334 Nam
1726 1280 1787 1334 in
1814 1278 1938 1334 uni-

355 1387 576 1428 versum
612 1371 693 1426 ita
730 1369 925 1441 sentio,
966 1368 1295 1425 substituere
1332 1369 1609 1425 abstracta
1648 1367 1935 1440 concretis,

356 1464 415 1516 et
452 1475 555 1534 pro
592 1459 693 1514 hac
720 1457 1120 1531 propositione:
1164 1458 1331 1514 homo
1368 1462 1452 1514 est
1476 1457 1780 1530 rationalis,
1809 1457 1938 1512 sub-

354 1547 581 1604 stituere
607 1546 791 1602 illam:
830 1547 997 1604 homo
1022 1545 1191 1602 habet
1216 1545 1663 1618 rationalitatem,
1692 1551 1817 1601 aut:
1847 1544 1940 1600 cui

354 1637 499 1693 inest
532 1635 859 1707 humanitas,
898 1633 985 1690 illi
1024 1634 1169 1690 inest
1194 1635 1553 1707 rationalitas,
1584 1639 1707 1690 aut:
1747 1635 1938 1690 huma-

354 1724 529 1781 nitate
552 1723 897 1779 rationalitas
924 1722 1262 1797 continetur,
1294 1739 1411 1779 esse
1437 1739 1553 1778 non
1580 1725 1797 1778 tantum
1824 1727 1940 1780 tro-

352 1812 555 1887 picum,
594 1811 695 1868 sed
734 1815 792 1868 et
828 1811 1188 1884 superfluum3
1238 1827 1303 1867 ac
1342 1811 1569 1884 perinde
1608 1827 1740 1884 esse,
1780 1827 1847 1867 ac
1889 1809 1938 1865 si

353 1901 477 1974 quis
524 1901 648 1958 loco
700 1898 946 1968 ejusdem
996 1899 1389 1972 propositionis
1446 1899 1675 1956 dicetett
1726 1904 1938 1956 certum

354 1994 465 2063 est,
508 2003 700 2045 verum
726 1991 835 2062 est,
878 2003 995 2044 non
1022 1992 1106 2044 est
1148 1987 1540 2061 dubitandum,
1584 1988 1827 2060 quisquis
1854 1992 1938 2043 at-

354 2077 561 2148 tendet,
590 2075 814 2148 sentiet,
858 2076 985 2132 idea
1022 2075 1263 2132 hominis
1290 2077 1464 2132 menti
1506 2091 1663 2134 meae
1688 2094 1787 2150 per
1814 2093 1937 2133 sen·

354 2181 477 2222 sum
504 2165 771 2237 impressa
796 2165 1099 2237 confirmat,
1127 2165 1407 2222 hominem
1435 2181 1553 2222 esse
1578 2165 1935 2236 rationalem3

353 2270 495 2326 quae
522 2252 773 2309 variandi
801 2270 1001 2326 genera
1038 2252 1119 2309 rei
1146 2253 1287 2310 nihil
1314 2254 1573 2311 addentia
1610 2258 1825 2328 praeter
1851 2271 1937 2310 re-

353 2343 619 2399 lationem
644 2341 717 2398 ad
744 2345 987 2398 mentem
1015 2341 1087 2398 ad
1116 2342 1500 2400 illustrandum
1526 2343 1936 2399 inculcandum-

352 2446 461 2504 que
486 2435 716 2504 possunt
758 2430 984 2504 aliquid,
1024 2431 1096 2486 ad
1134 2436 1383 2488 accurate
1422 2431 1932 2506 philosophandum,

352 2519 425 2576 ad
475 2519 869 2593 definiendum,
914 2518 1273 2578 dividendum
1322 2521 1396 2577 ad
1446 2521 1934 2578 demonstrandum

440 2697 648 2754 XVIII.
695 2696 972 2752 Hactenus
1012 2699 1291 2753 ostensum
1318 2701 1402 2753 est
1439 2697 1687 2754 terminis
1728 2696 1936 2753 techni-

350 2785 429 2842 cis
456 2785 841 2842 abstinendum
868 2803 1002 2860 esse,
1034 2787 1217 2858 quoad
1244 2785 1362 2856 ejus
1390 2787 1507 2843 fieri
1536 2791 1747 2859 potest,
1787 2802 1934 2843 nunc

350 2874 491 2931 illud
516 2874 909 2932 attendendum
938 2878 1037 2949 est,
1069 2874 1187 2931 sive
1213 2875 1587 2950 popularibuS,
1634 2875 1751 2931 sive
1790 2874 1935 2931 tedi-

350 2964 489 3021 nicis
515 2969 751 3037 utamur,
782 2968 970 3037 tropos
1000 2968 1187 3021 tamen
1212 2969 1311 3021 aut
1350 2965 1533 3021 nullos
1571 2968 1669 3020 aut
1705 2964 1934 3037 exiguos

349 3056 615 3127 aptusque
653 3070 771 3110 esse
809 3052 1024 3110 debere.
1112 3054 1275 3117 Quod
1305 3069 1340 3108 a
1368 3053 1709 3110 Scholasticis
1736 3068 1934 3126 parum

349 3146 433 3197 est
472 3143 853 3215 observatum,
892 3158 1053 3215 nam,
1095 3143 1243 3214 quod
1280 3142 1403 3214 quis
1442 3142 1700 3215 miretur,
1740 3157 1934 3197 eorum

349 3230 531 3285 oratio
569 3230 741 3301 tropis
780 3234 967 3286 scatet.
1054 3230 1201 3294 Quid
1242 3230 1391 3285 enim
1429 3229 1581 3285 aliud
1617 3245 1783 3302 quam
1822 3234 1934 3285 tro-

348 3317 473 3389 pica
508 3323 639 3373 sunt
666 3318 989 3390 dependes-e,
1031 3317 1329 3389 inhaerere,
1370 3334 1645 3392 emanare,
1686 3318 1932 3375 influere.

349 3404 519 3475 Cujus
547 3406 815 3479 postremi
843 3406 1097 3463 vocabuli
1136 3406 1455 3463 inventione
1494 3406 1633 3463 mire
1672 3422 1733 3461 se
1772 3406 1933 3462 effert

348 3494 617 3551 Suarez.
674 3496 859 3560 Quum
886 3494 1037 3550 enim
1062 3494 1379 3551 Scholastici
1408 3500 1539 3551 ante
1565 3510 1695 3551 eum
1722 3494 1932 3551 dudum

349 3582 411 3637 in
438 3583 677 3655 generali
706 3599 901 3639 causae
936 3582 1165 3639 notione
1196 3584 1447 3639 venanda
1486 3580 1788 3656 sudassent,
1828 3600 1932 3640 nec

348 3670 518 3729 verba
566 3671 678 3729 iuis
726 3672 1019 3730 commoda
1064 3677 1461 3745 succurrerent,
1512 3674 1764 3729 Suarez
1814 3688 1930 3729 non

346 3760 569 3832 quidem
596 3760 961 3833 ingeniosior,
1002 3764 1189 3817 tamen
1226 3762 1483 3817 audacior
1522 3760 1645 3835 fixit,
1684 3765 1742 3817 et
1778 3762 1932 3817 adhi-

345 3848 466 3905 bito
513 3849 713 3907 callide
761 3849 1002 3906 influxus
1049 3850 1335 3924 vocabulo,
1386 3866 1605 3907 eausem
1654 3850 1928 3906 definivit:

345 3938 495 4009 quod
520 3938 703 3993 influit
728 3955 847 3994 esse
874 3938 935 3993 in
962 3938 1129 4011 aliud,
1161 3940 1395 3996 barbare
1422 3940 1557 3995 satis
1584 3944 1642 3995 et
1666 3940 1926 4012 obscure,

344 4042 478 4082 nam
504 4030 561 4083 et
586 4026 778 4099 inepta
806 4027 1135 4083 constructio
1164 4031 1263 4099 oet,
1304 4044 1415 4099 qua
1442 4027 1675 4083 influere-
1695 4044 1767 4083 ex
1796 4044 1928 4085 neu-

344 4117 435 4171 tro
461 4114 523 4169 fit
549 4115 820 4187 activum,
848 4118 907 4171 et
932 4116 1365 4188 metaphoricum
1392 4119 1475 4171 est
1504 4114 1651 4170 istud
1678 4115 1924 4189 influere,

344 4208 401 4258 et
436 4202 718 4259 obscurius
756 4204 878 4275 ipso
918 4202 1168 4259 definito:
1222 4204 1466 4260 faciliore
1514 4203 1667 4258 enim
1704 4205 1928 4276 negotio

342 4305 539 4347 causae
566 4306 731 4363 quam
760 4290 1003 4346 influxus
1030 4308 1221 4346 vocem
1250 4296 1368 4347 tam
1406 4296 1712 4348 monstrose
1741 4308 1928 4366 accep-

342 4384 458 4435 tam
488 4379 711 4436 definire
738 4379 1020 4453 sperarim.
1065 4380 1207 4435 Illud
1238 4380 1473 4452 denique
1499 4381 1920 4455 observandum,

340 4468 490 4539 quod
517 4470 575 4523 et
604 4466 729 4536 jam
755 4472 876 4524 tum
916 4467 1123 4541 passim
1162 4468 1477 4526 monuimus
1514 4469 1715 4542 origini
1755 4471 1922 4543 vocis,

340 4555 661 4628 praesertim
698 4572 869 4629 quum
905 4560 1056 4613 certa
1092 4562 1193 4631 est,
1232 4574 1352 4631 qua·
1372 4562 1517 4630 pote,
1546 4558 1923 4615 insistendum.

334 4644 483 4701 Sane
509 4660 699 4701 verum
738 4650 838 4718 est,
879 4660 1101 4701 omnem
1140 4646 1495 4720 originariam
1536 4647 1685 4703 vocis
1720 4648 1924 4722 signifi·

340 4732 615 4789 cationem
642 4750 760 4791 esse
786 4733 1085 4807 propriam,
1116 4751 1294 4807 neque
1320 4735 1471 4791 enim
1508 4735 1671 4793 video
1700 4737 1793 4809 qui
1823 4754 1922 4810 per

338 4826 561 4895 tropum
600 4838 675 4878 ex
711 4822 825 4879 alio
876 4823 1170 4879 translatns
1199 4823 1307 4880 dici
1350 4824 1555 4898 possit,
1596 4824 1693 4881 sed
1732 4830 1920 4882 tamen

228 4927 231 4941 ·
336 4911 477 4968 illud
536 4913 712 4968 faoeor
770 4912 1049 4984 quandam
1106 4912 1558 4986 significationem
1618 4930 1735 4969 esse
1792 4930 1920 4987 pro-

336 5001 534 5074 priam,
572 5016 715 5073 quae
752 5016 867 5057 non
906 5003 983 5055 nt
1018 5000 1339 5075 originaria,
1378 5002 1529 5075 quod
1566 5006 1623 5057 et
1648 5007 1793 5057 recte
1820 5003 1921 5060 ob-

337 5090 578 5147 servavit
608 5090 688 5145 cl.
718 5090 1232 5146 Brunsmannus
1273 5090 1333 5146 in
1370 5091 1457 5165 iis,
1501 5106 1641 5163 quae
1684 5090 1753 5147 de
1792 5108 1918 5164 pro·

2041 484 2439 539 commentatus
2467 486 2566 538 est.
2655 479 2868 546 Quibus
2907 475 3030 548 eius
3063 478 3317 552 cogitatis
3345 483 3526 536 tamen
3551 481 3609 538 il·

2039 572 2137 628 lud
2175 569 2378 639 adjicio
2391 589 2408 624 τ
2451 585 2676 626 omnem
2725 568 3180 641 significationem
3226 585 3342 624 non
3383 569 3612 641 (nigina-

2037 659 2181 716 riam
2208 658 2506 731 aliquando
2533 658 2700 720 misse
2727 658 3068 729 translatam,
3099 673 3168 712 eo
3195 656 3456 712 nimiunn
3485 662 3610 713 tem·

2038 765 2188 822 pore,
2221 763 2332 820 quo
2357 746 2600 820 primum
2637 763 2752 802 vox
2791 763 2828 801 a
2865 745 3192 819 primigenia
3229 746 3610 818 significatione

2037 837 2112 892 ad
2138 836 2275 892 alias
2304 840 2588 908 troporum
2615 835 2948 892 adminiculo
2987 837 3243 908 promota
3271 839 3382 908 est,
3421 837 3642 892 factam·

2039 941 2170 981 vero
2197 925 2420 980 tandem
2447 924 2747 998 propriam,
2787 939 2956 996 quum
2983 923 3225 996 primum
3261 923 3344 980 ita
3383 924 3612 996 vulgaris

2037 1015 2182 1070 facta
2209 1017 2309 1086 est,
2339 1016 2404 1068 ut
2445 1028 2618 1085 aeque
2652 1013 2726 1068 sit
2762 1016 2914 1085 nota,
2953 1016 3052 1068 aut
3090 1012 3277 1068 notior
3315 1011 3490 1068 etiam
3523 1029 3612 1068 na·

2037 1102 2180 1174 tiva,
2209 1106 2268 1158 et
2287 1101 2410 1172 jam
2436 1102 2686 1158 homines
2712 1117 2828 1157 non
2848 1106 3072 1175 propter
3087 1100 3353 1158 flexiones
3373 1117 3410 1155 a
3430 1101 3611 1156 nativa

2038 1193 2268 1264 factam,
2304 1189 2476 1259 cuius
2513 1207 2678 1264 saepe
2712 1207 2785 1246 ne
2821 1189 3177 1246 recordantur
3223 1188 3476 1262 quidem,
3525 1191 3612 1245 sed

2037 1297 2135 1353 per
2161 1295 2220 1334 se
2247 1285 2381 1336 voce
2407 1279 2487 1335 sic
2514 1283 2756 1335 utantur.
2841 1279 3058 1336 Interea
3097 1279 3146 1334 si
3185 1277 3306 1350 quis
3345 1278 3612 1334 destinate

2035 1367 2266 1436 consilio
2293 1367 2403 1424 sibi
2429 1373 2774 1442 proponeret,
2815 1367 3041 1424 vocibus
3069 1383 3300 1440 quarum
3337 1372 3488 1423 certa
3515 1367 3614 1423 ori-

2037 1456 2246 1530 ginatio
2295 1460 2405 1528 est,
2457 1451 2738 1530 perpetuo'
2771 1455 2916 1513 inter
2963 1455 3458 1530 philosophandum
3509 1471 3612 1512 non

2037 1545 2199 1602 aliter
2225 1544 2328 1616 uti,
2359 1559 2528 1617 quam
2555 1546 2711 1618 origo
2739 1545 2981 1618 postulat
3007 1543 3127 1613 eius
3153 1543 3494 1602 consuetudo
3521 1561 3612 1600 nec

2037 1633 2374 1690 illaudabilis
2415 1649 2518 1689 nec
2545 1634 2888 1707 aspernanda
2915 1636 3076 1706 foret,
3105 1633 3210 1690 etsi
3237 1632 3462 1690 difficile
3499 1649 3612 1689 cm·

2037 1737 2189 1778 seam
2238 1723 2342 1778 hoc
2391 1727 2706 1780 constanter
2756 1723 2972 1795 exequi.
3007 1717 3012 1722 ’
3061 1723 3146 1778 Ita
3195 1721 3346 1794 satis,
3399 1722 3611 1794 opinor,

2037 1813 2156 1867 tuse
2193 1827 2296 1883 pro
2323 1810 2564 1868 instituti
2591 1811 2808 1868 ratione
2845 1811 2915 1868 de
2951 1811 3212 1868 claritate
3237 1810 3500 1868 vocabuli
3526 1828 3615 1884 per

2035 1916 2096 1956 se
2125 1899 2333 1955 dictum
2361 1905 2462 1955 est.

2123 1988 2288 2044 XIX.
2331 1988 2561 2044 Claritas
2589 2005 2749 2063 vero,
2789 2003 2930 2061 quae
2969 2003 3045 2044 ex
3084 1986 3509 2044 circumstantiis
3535 2003 3614 2042 su-

2035 2076 2222 2151 mitur,
2265 2076 2500 2134 sumitur
2539 2077 2626 2134 vel
2663 2093 2740 2133 ex
2777 2077 2898 2150 ipsa
2925 2076 3192 2149 oratione,
3233 2077 3324 2132 vel
3351 2077 3616 2132 extrinse-

2035 2182 2145 2222 cus.
2234 2164 2292 2221 Si
2321 2181 2394 2222 ex
2423 2165 2594 2239 ipsius
2622 2165 2889 2222 orationis
2915 2165 3337 2222 circumstantiis
3363 2165 3614 2236 sumitur,

2035 2254 2140 2310 erit
2167 2253 2407 2328 claritas,
2437 2256 2485 2312 si
2513 2270 2629 2310 non
2659 2253 2913 2312 vocabuli
2939 2269 3039 2327 per
3065 2271 3141 2326 se,
3183 2258 3372 2310 tamen
3409 2254 3616 2310 oratio-

2035 2342 2124 2398 nis
2163 2360 2262 2415 per
2301 2360 2378 2400 se.
2467 2343 2630 2408 Quod
2668 2343 2747 2416 fit,
2789 2359 2962 2415 quum
2999 2359 3072 2398 cx
3099 2342 3220 2416 ipsa
3247 2342 3505 2399 oratione
3529 2359 3617 2415 ap-

2035 2435 2194 2505 paret
2219 2430 2452 2488 materia
2479 2431 2726 2500 subjecta
2754 2432 2825 2488 de
2852 2447 2962 2504 qua
2991 2432 3188 2504 agitur,
3219 2434 3275 2488 et
3301 2447 3482 2505 quum
3509 2447 3615 2486 ma·

2035 2520 2176 2576 teria
2201 2519 2446 2590 subjecta
2475 2520 2623 2576 tollit
2649 2520 3095 2593 ambiguitatem,
3135 2537 3268 2576 nam
3293 2520 3340 2575 si
3371 2521 3448 2576 de
3476 2537 3614 2592 ursa,

2035 2608 2297 2682 plaustro,
2327 2625 2480 2680 cane,
2511 2609 2650 2683 lyra,
2683 2609 2928 2681 loquitur
2955 2609 3021 2682 is,
3061 2607 3220 2678 euius
3257 2607 3476 2680 reliqua
3503 2625 3617 2666 ora-

2035 2697 2116 2753 tio
2143 2697 2205 2753 in
2241 2697 2623 2754 astronomicis
2651 2699 3007 2772 consumitur,
3051 2698 3210 2754 facile
3249 2697 3470 2754 tollitur
3509 2714 3618 2754 am-

2033 2785 2289 2858 biguitas.
2379 2787 2520 2843 Item
2557 2787 2605 2842 si
2634 2787 2933 2860 praemissa
2959 2790 3046 2842 est
3071 2786 3316 2842 definitio
3342 2787 3614 2857 vocabuli,

2033 2891 2101 2931 eo
2129 2874 2251 2949 ipso
2279 2875 2584 2933 obscuritas
2611 2876 2828 2935 sublata
2855 2879 2954 2933 est.
3042 2875 3150 2933 Sed
3189 2875 3238 2931 si
3277 2892 3375 2949 per
3415 2877 3618 2933 multas

2034 2964 2254 3021 demum
2291 2964 2648 3038 conjecturas,
2688 2964 2817 3021 licet
2853 2982 2926 3021 ex
2961 2965 3085 3038 ipsa
3111 2966 3364 3022 oratione
3387 2970 3614 3035 sumtus,

2035 3052 2358 3125 significatio
2395 3054 2650 3111 venanda
2687 3058 2787 3127 est,
2827 3054 2990 3126 longe
3029 3054 3178 3111 inti-a
3203 3054 3478 3111 claritatis
3505 3055 3616 3111 lau·

2034 3132 2160 3197 dem
2185 3142 2437 3199 subsidit.
2525 3142 2584 3198 Si
2619 3158 2754 3199 vero
2781 3158 2855 3198 ex
2881 3142 3016 3217 ipsis
3043 3143 3364 3200 extrinsecis
3391 3143 3618 3201 cirsum-

2033 3230 2250 3285 stantiis
2278 3230 2612 3304 colligendus
2639 3231 2862 3287 demum
2889 3248 3077 3288 sensus
3103 3236 3189 3289 est
3215 3232 3408 3289 lectori
3439 3238 3502 3289 et
3529 3248 3620 3287 au·

2033 3318 2217 3391 ditori,
2261 3317 2385 3387 jam
2435 3336 2534 3392 per
2584 3336 2643 3375 se
2693 3320 2926 3377 obscura
2961 3324 3046 3375 est
3081 3320 3280 3378 oratio.
3368 3321 3618 3377 Obscura

2031 3413 2218 3463 autem
2245 3408 2426 3463 oratio
2453 3410 2684 3465 fortasse
2709 3408 2874 3465 alicui
2911 3409 3222 3483 prophetae,
3266 3412 3368 3465 aut
3407 3408 3620 3466 ebucci-

2033 3496 2218 3553 natori
2255 3495 2642 3553 miraculorum
2669 3497 3062 3571 Alcbymistae,
3105 3503 3206 3555 aut
3225 3498 3462 3555 oramlo
3493 3497 3614 3553 Del·

2031 3584 2209 3657 phico,
2239 3590 2338 3641 aut
2363 3585 2534 3641 etiam
2563 3586 2816 3658 theologo
2845 3587 3096 3658 mystico,
3136 3591 3235 3643 aut
3273 3587 3620 3659 aenigmate-

2032 3674 2238 3747 grapho
2265 3678 2462 3747 poetae
2487 3675 2824 3748 convenerit,
2854 3692 2891 3731 a
2918 3674 3243 3749 philosopho
3257 3675 3405 3749 ⁸nihil
3435 3680 3620 3750 potest

2031 3778 2150 3818 esse
2175 3762 2424 3819 alienius.
3299 3820 3308 3832 ¹

2119 3852 2258 3907 XX.
2311 3850 2582 3923 Equidem
2609 3868 2726 3915 non
2763 3851 2959 3925 ignoro
3007 3857 3066 3908 et
3103 3852 3462 3926 philosophos
3491 3854 3620 3907 Ae-

2029 3939 2425 4014 gyptiorum
2473 3945 2703 4013 veteres,
2758 3944 2817 3997 et
2863 3940 3191 4014 Sinensitun,
3243 3941 3342 4013 qni
3393 3942 3619 4011 Aegy·
3687 3962 3690 3969 ·

2027 4030 2332 4102 ptiorum
2365 4028 2585 4085 colonia
2611 4048 2728 4086 esse
2753 4029 2998 4103 videtur,
3037 4030 3351 4103 hodiernos,
3399 4036 3464 4086 et
3503 4046 3620 4086 om-

2027 4118 2163 4175 nino
2191 4117 2501 4191 orientales,
2543 4122 2616 4190 et,
2648 4118 2745 4191 qui
2773 4135 2868 4174 eos
2895 4123 3196 4191 sequuntus
3221 4123 3326 4191 est,
3355 4119 3620 4189 Pytha-

2027 4222 2262 4278 goram
2289 4206 2436 4279 apud
2465 4206 2719 4279 GraeeoS,
2751 4207 2899 4279 apud
2917 4207 3146 4264 Latinos
3171 4212 3361 4264 autem
3389 4213 3450 4264 et
3480 4209 3624 4263 Am-

2026 4294 2142 4367 beS,
2175 4294 2472 4367 Chemieos,
2505 4295 2906 4367 aenigmatibus
2931 4312 3032 4353 sua
3059 4297 3374 4353 occuluisse.
3453 4294 3622 4361 Quod

2025 4399 2216 4439 eorum
2265 4382 2554 4439 consilium
2604 4400 2719 4440 non
2767 4388 2952 4457 potest
2979 4400 3366 4457 usquequaque
3405 4386 3624 4457 impro-

2025 4471 2164 4545 bari,
2195 4488 2370 4544 neque
2395 4472 2548 4530 enim
2569 4474 2758 4529 omnia
2777 4474 3036 4531 omnibus
3055 4473 3436 4546 prostituenda
3465 4481 3620 4539 sunt,

2024 4564 2082 4615 et
2109 4560 2203 4633 qui
2229 4564 2424 4633 postea
2449 4561 2764 4636 philosophi
2791 4562 3012 4635 artium,
3053 4564 3302 4619 medicae
3337 4560 3626 4635 imprimis

2023 4655 2081 4704 et
2130 4650 2545 4706 mathematicae
2593 4652 2856 4721 mysteria
2905 4650 2967 4707 in
3015 4651 3209 4724 vulgus
3257 4651 3412 4707 exire
3467 4650 3626 4724 passi

2023 4743 2151 4794 sunt
2189 4754 2308 4799 rem
2335 4755 2370 4794 a
2399 4739 2690 4813 prudentia
2727 4739 2880 4796 civili
2917 4740 3156 4795 alienam
3199 4741 3477 4812 fecerunt,
3527 4756 3630 4813 po-

2025 4830 2206 4883 terant
2233 4826 2382 4883 enim
2421 4828 2506 4883 his
2549 4828 2700 4883 velut
2739 4828 3114 4885 instrumentis
3152 4828 3234 4885 uti
3273 4829 3347 4885 ad
3373 4828 3628 4885 liberan-

2025 4915 2122 4971 das
2149 4932 2186 4971 a
2213 4916 2508 4985 tyrannide
2533 4917 2740 4990 patrias
2777 4922 2834 4973 et
2869 4918 3278 4975 constituendas
3305 4917 3628 4973 Aristocra-

2024 5004 2158 5059 tias:
2221 5009 2277 5060 et
2327 5022 2496 5063 nemo
2552 5006 2792 5079 prudens
2840 5006 3174 5063 Lazarum
3221 5006 3624 5073 Riverium,

2023 5093 2110 5147 vel
2179 5092 2560 5150 Antonium
2625 5094 2916 5151 Mariam
2975 5094 3300 5153 Rheitam
3355 5094 3624 5164 Schyr-

335 5177 457 5250 pria
484 5183 543 5235 et
568 5179 833 5237 translata
852 5178 1248 5252 significatione
1268 5196 1443 5255 nuper
1462 5179 1721 5252 peculiari
1750 5196 1918 5255 opera
1973 5258 1975 5260 ι
2021 5181 2267 5257 laeum,
2317 5183 2654 5257 Capucinum
2689 5184 2993 5257 culpaverit
3033 5183 3408 5257 obscuritatis,
3463 5182 3628 5256 quod
