3717 5850
313 310 450 381 656
1407 308 2506 373 ΙιΧΧΙῙῙ.ΟΑΰ8Δ1)ΕῙ.

319 454 840 529 magnitudinis
867 457 934 511 et
957 451 1316 513 bonitatis
1340 450 1430 510 hic
1455 455 1604 526 sunt,
1631 466 1774 524 quae
1799 466 1917 509 non
1998 450 2205 511 cideret
2230 452 2295 509 in
2342 448 2734 523 sophisma,
2796 448 2949 522 qnod
2990 448 3116 521 jam
3149 454 3379 507 veteres
3424 448 3589 519 igne

319 564 398 605 ex
423 546 543 602 sola
571 544 836 615 bonitate,
867 541 966 597 sed
990 542 1164 599 etiam
1191 556 1268 597 ex
1287 540 1680 612 magnitudine,
1703 532 1790 615 (id
1811 542 1913 611 est,
2000 556 2153 597 vum
2179 536 2548 611 adpellabant.
2577 536 2705 595 add.
2736 536 2899 611 infra,
2932 534 2983 603 ὅ.
3021 538 3167 597 los.
3206 539 3335 595 1⁰7
3348 578 3367 591 .
3635 542 3640 615 Ι

321 632 591 707 sapientia
643 634 700 687 et
749 628 1042 701 potentia)
1089 630 1524 702 proficiscuntur:
1581 627 1716 683 facit
1763 626 1919 683 enim
2097 628 2201 683 46.
2240 624 2523 697 Sapientia
2562 629 2755 681 autem
2780 625 2991 681 infinita
3018 622 3459 699 omnipotentis
3472 662 3489 697 ‚
3528 624 3627 681 bo·-

320 717 672 791 magnitudo,
725 720 790 775 ut
815 718 1038 775 bonitas
1066 718 1324 773 effectum
1351 731 1514 771 snum
1537 718 1918 785 consequatur.
2003 714 2167 771 nitati
2194 713 2317 783 ejus
2342 714 2645 769 immensae
2666 709 2881 785 juncta,
2912 714 3072 789 fecit,
3101 717 3167 769 ut
3192 712 3343 770 nibil
3376 715 3639 785 potuerit..

320 806 398 865 Et
423 805 644 863 bonitas
673 806 908 862 refertur
933 806 1024 861 vel
1051 804 1124 862 ad
1160 810 1438 861 creaturas
1479 804 1540 857 in
1579 802 1917 874 universum,
2004 802 2121 859 tieri
2171 802 2401 873 melius,
2452 798 2713 855 omnibus
2758 802 3119 875 computatis,
3172 816 3357 872 quam
3396 800 3553 870 qnod
3584 818 3617 857 a

321 894 418 951 vel
455 892 740 965 spedatim
778 892 850 949 ad
891 892 1275 964 intelligentes.
1363 890 1556 947 Priore
1595 886 1768 945 modo
1793 903 1921 945 cum
2006 890 2128 946 Deo
2156 891 2241 945 est
2272 891 2509 959 factum3
2559 892 2725 957 atque
2764 888 2909 945 adeo
2922 928 2939 961 ‚
2988 892 3052 945 ut
3098 889 3299 945 omnia
3342 888 3469 943 sint
3509 904 3619 960 per·

322 978 708 1051 magnitudine
753 980 1040 1037 constituit
1089 978 1496 1053 providentiam
1547 976 1608 1032 in
1647 974 1922 1031 Universo
2008 978 2149 1033 fecte
2186 975 2509 1033 harmonica
2525 1013 2544 1047 ,
2592 975 3010 1047 conqiirentqne
3048 974 3431 1047 pulcherrime
3484 973 3615 1032 inter

323 1066 564 1127 ereando
613 1072 671 1123 et
715 1066 1106 1139 gubernando3
1156 1064 1488 1138 posteriore,
1537 1062 1814 1131 justitiam
1862 1062 1923 1119 in
2008 1081 2096 1119 se:
2126 1079 2322 1119 caune
2352 1062 2631 1135 semeles,
2665 1078 2763 1119 seu
2792 1062 3029 1135 animae,
3060 1078 3189 1119 enm
3218 1062 3415 1117 causis
3454 1068 3617 1119 mate-

323 1152 579 1229 regendis
605 1155 892 1227 speciatim
919 1152 1240 1209 substantiis
1269 1150 1484 1207 ratione
1513 1150 1791 1223 praeditis.
2012 1152 2261 1225 rialibus,
2292 1166 2391 1207 seu
2418 1150 2772 1221 corporibus3
2802 1166 2999 1207 causae
3024 1150 3361 1222 efficientes,
3394 1166 3501 1205 seu
3530 1166 3648 1206 που

421 1242 526 1297 41.
553 1242 701 1306 Quia
729 1241 1036 1298 bonitatem
1063 1239 1200 1312 Dei,
1227 1239 1288 1295 in
1317 1238 1586 1295 creaturis
1615 1252 1734 1293 sese
1763 1252 1927 1309 gene-
1970 1265 1974 1278 ·
2009 1238 2232 1311 tui-ales,
2260 1254 2391 1295 cnm
2417 1237 2691 1310 finalibus,
2720 1253 2817 1293 seu
2844 1236 3181 1307 moralibus3
3222 1250 3473 1309 regnum
3502 1251 3625 1306 gra-

327 1329 500 1385 ratim
529 1334 846 1385 exerentem
860 1366 878 1401 ,
909 1326 1102 1395 dirigit
1127 1325 1427 1399 sapientia3
1453 1340 1792 1397 consequeus
1819 1328 1923 1398 est,
1968 1281 1976 1404 Ι
2010 1326 2121 1383 tiae
2150 1341 2277 1383 cum
2306 1341 2478 1396 regno
2507 1328 2753 1381 naturae.
3054 1326 3061 1331 ’
3640 1346 3660 1425 ¹!

329 1415 862 1490 providentiam
898 1412 1210 1469 divinam
1249 1430 1369 1469 sese
1406 1413 1692 1470 ostendere
1719 1412 1778 1467 in
1807 1416 1927 1467 tota
1970 1431 1978 1526 Ι
2104 1413 2209 1471 47.
2254 1412 2329 1469 Et
2379 1411 2639 1485 proinde,
2688 1408 3115 1483 quotiescunque
3162 1410 3387 1483 aliquid
3438 1428 3623 1483 repre-

330 1504 476 1559 serie
525 1502 814 1575 Universi3
874 1499 1300 1573 dicendumque,
1351 1500 1531 1557 Deum
1579 1515 1656 1555 ex
1702 1498 1929 1555 infinitis
2011 1498 2281 1557 hensibile
2320 1499 2535 1557 videtur
2572 1500 2633 1555 in
2662 1498 2925 1571 operibus
2954 1498 3077 1570 Dei,
3115 1497 3495 1565 iudicandum
3520 1505 3619 1574 est,

330 1589 690 1663 possibilibus
717 1586 960 1643 seriebus
987 1603 1170 1643 rerum
1195 1588 1424 1659 elegisse
1449 1589 1752 1661 optimam3
1781 1602 1931 1643 eam·
2014 1587 2074 1644 id
2102 1587 2267 1645 nobis
2294 1603 2405 1644 non
2435 1586 2571 1643 satis
2600 1586 2785 1657 nosci,
2825 1590 2883 1641 et
2910 1586 3217 1657 sapientem
3230 1625 3249 1657 ,
3278 1588 3387 1658 qni
3418 1587 3619 1643 intelli·
3664 1597 3666 1659 γ

329 1690 440 1747 que
459 1675 600 1731 adeo
621 1690 736 1731 me
757 1675 896 1731 hanc
915 1675 1114 1749 ipsam,
1144 1690 1286 1746 quae
1307 1678 1433 1732 actu
1455 1674 1664 1731 existit.
1723 1674 1929 1731 Omnia

331 1762 481 1819 enim
531 1763 589 1819 iu
643 1761 916 1819 Universo
963 1767 1093 1819 sunt
1143 1762 1458 1819 hermonien
1507 1763 1652 1817 inter
1700 1779 1789 1835 se,
1833 1778 1931 1820 nec

332 1849 800 1922 sapientissimus,
853 1850 959 1906 nisi
999 1850 1257 1906 omnibus
1286 1850 1581 1922 perspectis
1595 1888 1611 1920 ,
1663 1850 1927 1924 decernit,

331 1938 504 2009 atque
532 1936 672 1992 adeo
714 1952 846 2007 non,
877 1935 986 1991 nisi
1015 1937 1085 1990 dc
1114 1940 1253 1991 toto.
1343 1937 1404 1991 In
1437 1936 1718 2009 partibus,
1747 1937 1929 2011 singn-

333 2024 572 2093 gulatim
619 2024 844 2095 sumtis,
903 2022 1157 2079 voluntas
1197 2023 1421 2095 praevia
1459 2040 1577 2080 esse
1603 2028 1816 2100 potest,
1868 2024 1929 2081 in

333 2112 456 2167 toto
483 2110 788 2167 decretoria
815 2109 1050 2181 intelligi
1079 2109 1261 2166 debet.

427 2196 530 2253 42.
571 2195 732 2253 Unde
767 2196 1026 2251 adcurate
1051 2196 1356 2269 loquendo,
1397 2212 1510 2251 non
1555 2211 1694 2271 opus
1724 2202 1813 2254 est
1839 2214 1929 2254 or·

333 2280 466 2339 dine
493 2282 852 2339 Deci-etorum
883 2283 1230 2353 divinorum;
1281 2283 1380 2339 sed
1407 2283 1512 2340 dici
1545 2288 1756 2358 potest,
1806 2286 1929 2341 uni·

333 2385 464 2427 cum
493 2374 710 2441 tautum
739 2370 908 2425 fuisse
937 2371 1234 2427 Decretum
1261 2370 1393 2444 Dei,
1448 2376 1510 2427 ut
1548 2372 1684 2429 haec
1719 2372 1929 2429 scilicet
1970 2381 1975 2406 ¹

335 2457 506 2515 series
534 2472 722 2515 rerum
749 2457 822 2513 ad
849 2458 1204 2514 existentiam
1233 2460 1571 2531 perveniret3
1605 2464 1732 2531 post
1761 2476 1927 2531 quam

337 2542 549 2601 scilieet
575 2544 792 2615 omnia,
847 2544 1048 2601 seriem
1077 2545 1432 2615 ingredientia
1443 2584 1462 2619 ,
1513 2547 1666 2603 fuere
1685 2547 1931 2605 conside-

337 2635 489 2704 rata,
541 2635 600 2688 et
649 2646 775 2689 cum
833 2632 1024 2707 rebus,
1083 2632 1220 2689 alias
1279 2632 1444 2689 series
1495 2634 1931 2704 ingredientibus

333 2722 674 2791 comparata.

428 2806 534 2861 43.
587 2806 784 2877 ltaque
829 2805 1002 2861 etiam
1049 2806 1344 2863 Decretum
1392 2807 1502 2864 Dei
1551 2813 1636 2866 est
1675 2808 1931 2867 immuta·

335 2890 481 2966 bile,
521 2892 656 2966 quia
683 2908 874 2950 omne-s
903 2894 1173 2968 rationes,
1227 2908 1368 2968 quae
1395 2896 1446 2950 ei
1484 2894 1652 2966 objici
1681 2901 1928 2971 possunt,

331 2979 456 3049 jam
495 2980 558 3036 in
598 2981 1090 3040 considerationem
1119 2999 1344 3040 venere:
1395 2983 1492 3040 sed
1525 2985 1652 3042 hine
1680 3001 1792 3042 non
1820 2986 1933 3041 alia
1974 3044 1977 3055 ,

337 3067 517 3124 oritur
545 3069 972 3144 necessitas,
1019 3085 1188 3144 quam
1215 3073 1800 3147 consequentiae,
1833 3088 1935 3128 seu

337 3169 506 3226 quam
535 3157 1060 3229 hypotheticam
1103 3163 1332 3231 vocant,
1373 3175 1446 3215 ex
1476 3161 1759 3233 supposita
1789 3160 1933 3216 scili·

335 3237 782 3315 eetpraevisione
805 3248 863 3299 et
883 3243 1394 3317 praeordinationer,
1423 3247 1576 3303 nulla
1596 3253 1781 3304 autem
1804 3248 1933 3304 sub-

336 3333 426 3386 est
475 3332 774 3388 necessitas
823 3331 1153 3400 absoluta
1177 3369 1194 3402 ,
1253 3347 1348 3387 seu
1403 3334 1932 3407 consequentis3

335 3415 467 3488 quia
493 3417 634 3472 alius
661 3417 834 3472 etiam
873 3433 1055 3474 rerum
1084 3416 1223 3472 ordo
1251 3419 1532 3490 possibilis
1557 3426 1706 3493 erat,
1764 3425 1822 3476 et
1871 3422 1933 3478 in

337 3502 620 3574 partibus,
674 3507 732 3557 et
761 3504 820 3556 in
849 3507 1000 3575 toto3
1053 3504 1338 3578 Deusque,
1391 3507 1824 3577 contingentium
1851 3527 1934 3566 se·

337 3588 476 3644 riom
507 3589 732 3659 eligens,
765 3588 1192 3660 contingentiam
1221 3607 1412 3648 eorum
1443 3609 1558 3649 non
1587 3596 1841 3652 mutavit.

429 3674 531 3730 44.
582 3674 774 3746 Neque
813 3674 888 3732 ob
930 3692 1114 3734 rerum
1151 3679 1532 3736 certitudinem
1561 3699 1750 3754 preces
1777 3683 1935 3742 labo-

336 3775 534 3833 resque
561 3761 703 3818 tiimt
725 3763 948 3821 inutiles
989 3763 1060 3822 ad
1089 3765 1382 3822 obtinenda
1412 3770 1596 3825 futura
1609 3810 1626 3844 ,
1669 3785 1809 3842 quae
1839 3772 1931 3830 de-

337 3846 656 3906 sideramus.
767 3850 914 3906 Nam
965 3851 1024 3908 in
1075 3852 1238 3922 huius
1302 3855 1462 3910 serici
1525 3872 1739 3930 rerum,
1813 3863 1932 3915 tan·

337 3949 504 4006 quam
533 3935 850 4010 possibilis,
883 3941 1382 4010 repraesentatione
1409 3943 1554 4015 apud
1583 3944 1792 4019 Deum,
1834 3964 1933 4002 an·

338 4024 560 4094 tequam
581 4024 787 4080 scilicet
809 4026 1027 4082 decerni
1051 4027 1481 4104 intelligeretur,
1511 4031 1702 4103 utique
1723 4038 1779 4088 et
1807 4050 1930 4105 pre-

335 4123 430 4164 oes
457 4109 516 4166 in
545 4125 612 4166 ea
641 4110 726 4179 (si
755 4111 1072 4184 eligeretur)
1104 4116 1348 4190 suturae,
1379 4122 1436 4172 et
1463 4119 1610 4174 aliae
1639 4120 1932 4176 effectuum

336 4194 398 4250 in
423 4213 492 4252 ea
531 4199 1168 4270 comprehendendorum
1193 4219 1418 4277 causae,
1469 4205 1714 4277 inerant,
1763 4211 1822 4262 et
1857 4207 1930 4262 ad

335 4281 658 4339 electionem
723 4287 913 4358 seriei,
971 4287 1218 4361 adeoque
1279 4296 1338 4346 et
1385 4291 1460 4348 ad
1497 4295 1725 4350 eventus
1763 4293 1826 4348 in
1866 4310 1934 4349 ea

335 4369 774 4446 comprehensos,
803 4378 867 4430 ut
893 4389 996 4445 par
1021 4381 1160 4449 erat,
1193 4377 1430 4434 valuere.
1517 4380 1592 4436 Et
1619 4396 1761 4451 quae
1787 4397 1933 4441 nunc

335 4459 566 4512 movent
591 4457 772 4514 Deum
801 4459 872 4516 ad
901 4463 1174 4530 agendum
1204 4469 1300 4520 aut
1329 4465 1785 4541 permittendum,
1815 4468 1931 4536 iam

334 4545 456 4598 tun
491 4557 620 4599 eum
657 4551 949 4604 moverunt
977 4548 1049 4604 ad
1079 4549 1474 4608 decernendum
1490 4593 1506 4626 ,
1547 4554 1682 4626 quid
1711 4559 1932 4612 acturus
1978 4504 1986 4603 Ι

331 4634 478 4685 esset
503 4634 602 4686 aut
628 4633 1006 4703 permissurus.
1183 4651 1191 4661 ·

423 4717 526 4773 45.
555 4717 742 4792 Atque
769 4721 874 4777 hoc
893 4721 1015 4789 jam
1047 4737 1212 4795 supra
1241 4725 1584 4798 monuimus,
1625 4743 1714 4782 res
1741 4745 1814 4784 ex
1843 4729 1927 4784 di-

331 4801 464 4858 vina
505 4806 866 4891 praescientia
905 4811 963 4864 et
989 4809 1334 4880 providentia
1363 4827 1486 4868 esse
1513 4813 1925 4890 determinatas,

331 4903 450 4945 non
489 4890 757 4966 absolute,
787 4909 914 4965 seu,
965 4893 1232 4966 quidquid
1275 4913 1408 4966 agas
1422 4935 1440 4968 ‚
1489 4904 1588 4954 aut
1627 4916 1740 4956 non
1770 4919 1924 4978 agoe,

331 4974 428 5032 sed
467 4993 567 5050 per
601 4995 731 5038 suas
767 4997 961 5038 causas
987 4981 1349 5056 rationesque.
1439 4984 1629 5058 Itaque
1658 4987 1775 5044 sive
1802 4991 1927 5062 quis

328 5077 537 5140 preces,
569 5067 692 5125 sive
713 5066 958 5127 studium
985 5073 1044 5128 et
1069 5061 1320 5130 laborem
1342 5071 1563 5130 inutiles
1589 5072 1811 5151 diceret,
1843 5077 1926 5134 in-

2014 1680 2191 1749 geret,
2238 1672 2643 1748 judicaturmn,
2694 1688 2767 1729 ne
2816 1674 2999 1747 optari
3038 1672 3267 1745 quidem
3306 1691 3479 1747 posse
3508 1690 3619 1731 me-
3666 1677 3668 1735 1

2012 1762 2177 1819 liora.
3667 1756 3670 1792 ¹

2106 1848 2209 1905 48.
2262 1845 2424 1904 Unde
2486 1862 2655 1920 porro
2718 1846 2971 1917 sequitur
3018 1844 3159 1902 nihil
3206 1863 3329 1904 eme
3376 1848 3613 1923 felicius,
3670 1839 3673 1868 ¹

2014 1952 2180 2009 quam
2208 1938 2327 1991 tam
2354 1935 2505 1991 bono
2533 1933 2777 1991 Domino
2802 1933 3035 2005 servire,
3064 1938 3235 2006 atque
3260 1937 3395 1993 adeo
3426 1938 3619 1995 Deum
3672 1919 3676 2021 'l

2014 2040 2178 2097 super
2208 2022 2399 2079 omnis
2433 2038 2555 2079 esse
2594 2021 2895 2079 amandum
2908 2059 2926 2094 ,
2976 2022 3141 2093 eique
3181 2024 3407 2096 penitus
3448 2026 3619 2082 eonfi-

2014 2110 2273 2167 dentium.

2106 2200 2211 2255 49.
2262 2197 2519 2270 Optimae
2556 2200 2744 2253 autem
2772 2195 2931 2251 seriei
2962 2211 3147 2253 rernm
3188 2190 3435 2272 (nempe
3462 2196 3619 2267 hujus

2014 2284 2219 2357 ipsius)
2250 2284 2533 2357 eligendae
2558 2284 2809 2341 maxima
2838 2284 2983 2340 ratio
3006 2284 3114 2339 fuit
3132 2284 3397 2341 Christus
3422 2270 3619 2339 Θεοί-ν·
3683 2321 3684 2331 2

2016 2376 2290 2445 βρωπος,
2344 2370 2439 2427 sed
2469 2370 2591 2444 qui,
2644 2376 2919 2443 quatenus
2954 2376 3207 2428 creatura
3242 2376 3333 2428 est
3364 2373 3443 2429 ad
3470 2390 3617 2429 sum·
3685 2402 3686 2417 ι

2014 2476 2167 2517 mum
2196 2464 2473 2533 provecta,
2501 2459 2563 2513 in
2590 2474 2657 2513 ea
2684 2460 2827 2515 serie
2854 2458 3199 2515 nobilissima
3226 2460 3515 2517 contineri
3534 2461 3617 2517 de-
3687 2482 3688 2503 1

2014 2548 2213 2620 bebat,
2244 2551 2509 2619 tanquam
2540 2542 2797 2602 Universi
2831 2547 3000 2603 creati
3032 2562 3185 2619 pars,
3216 2547 3404 2603 immo
3434 2554 3613 2621 capnt,

2016 2635 2103 2691 cui
2146 2634 2328 2691 omnis
2367 2633 2591 2690 tandem
2632 2638 2874 2706 potestas
2914 2634 3043 2689 data
3072 2639 3155 2691 est
3194 2635 3257 2690 in
3284 2636 3449 2691 coelo
3476 2642 3537 2693 et
3568 2638 3619 2693 iu
3691 2643 3692 2675 1

2016 2728 2179 2796 terra,
2212 2722 2271 2779 in
2302 2738 2411 2793 quo
2443 2720 2693 2777 benedici
2720 2721 3025 2777 debuerunt
3052 2737 3249 2779 omnes
3278 2727 3496 2795 gentes,
3528 2740 3619 2795 per

2016 2826 2181 2882 quem
2228 2810 2413 2865 omnis
2450 2814 2698 2865 creatura
2741 2809 3067 2866 liberabitur
3114 2825 3153 2865 a
3190 2811 3467 2867 servitute
3504 2827 3621 2867 cor·

2018 2897 2311 2970 ruptionis,
2340 2897 2398 2953 in
2429 2896 2740 2954 libertatem
2772 2897 2981 2969 gloriae
3008 2897 3249 2954 filiorum
3280 2897 3409 2954 Dei.

2109 2987 2213 3042 50.
2244 2986 2517 3042 Hactenus
2556 2985 2624 3040 de
2652 2985 3033 3058 Providentia,
3094 3001 3299 3058 nempe
3334 2987 3618 3057 generali:

2018 3089 2188 3147 porro
2218 3072 2455 3147 bonitas,
2487 3073 2659 3128 relata
2688 3073 2971 3144 speciatim
3000 3073 3071 3128 ad
3100 3082 3385 3130 creaturas
3416 3074 3623 3130 intelli·

2018 3165 2233 3234 gentes,
2264 3176 2391 3216 cum
2420 3159 2689 3233 sapientia
2714 3159 3037 3234 conjuncta,
3070 3161 3451 3218 Justitiam
3490 3179 3622 3218 eon·

2018 3249 2213 3319 stituit,
2242 3247 2400 3316 cujus
2430 3262 2682 3302 summus
2710 3248 2909 3320 gradus
2936 3253 3020 3304 est
3046 3248 3427 3306 Sanctitas.
3508 3252 3621 3306 Ita·

2016 3353 2122 3408 que
2152 3339 2265 3392 tam
2297 3335 2411 3390 lato
2432 3351 2597 3390 sensu
2610 3334 2829 3404 justitia
2852 3351 2963 3394 non
2986 3340 3201 3392 tantum
3216 3334 3313 3403 jus
3336 3336 3621 3409 strictum,

2018 3424 2113 3480 sed
2161 3426 2220 3483 et
2268 3422 2620 3495 aequitatem,
2672 3428 2837 3495 atque
2886 3423 3029 3480 adeo
3080 3429 3137 3480 ct
3172 3423 3623 3482 misericordiam

2018 3509 2354 3568 laudabilem
2381 3510 2807 3581 comprehendit.

2108 3598 2211 3656 51.
2244 3597 2491 3654 Discerni
2512 3603 2695 3654 autem
2716 3597 2936 3666 justitia
2956 3597 3259 3671 generatim
3274 3603 3467 3655 sumta
3488 3603 3621 3670 pot-

2014 3691 2099 3741 est
2136 3685 2199 3742 in
2230 3684 2509 3753 justitiam
2548 3685 2835 3756 specialius
2884 3690 3125 3743 sumtum
3154 3691 3213 3741 et
3240 3687 3621 3742 sanctitatem.

2019 3771 2312 3828 Justitia
2361 3772 2757 3844 specialius
2794 3777 3023 3828 sumta
3063 3778 3311 3830 versatur
3336 3773 3487 3830 eim
3518 3775 3621 3830 bo-

2018 3877 2150 3915 num
2190 3859 2506 3931 malumque
2542 3859 2859 3932 physicum,
2908 3861 3147 3917 alioruin
3176 3873 3381 3931 nempe
3412 3860 3619 3917 intelli-

2017 3947 2304 4018 gentium3
2376 3947 2732 4004 sanctitas
2802 3946 2949 4004 cirea
3020 3948 3230 4006 bonum
3294 3949 3619 4022 malumque

2018 4033 2245 4091 morale.

2112 4121 2212 4176 52.
2264 4122 2445 4177 Bona
2498 4121 2813 4193 malaque
2864 4121 3151 4193 physica
3188 4121 3461 4178 eveniunt
3500 4126 3615 4178 tam

2018 4209 2075 4264 in
2106 4208 2209 4264 bac
2238 4209 2382 4280 vita,
2424 4223 2591 4280 quam
2630 4209 2688 4263 in
2720 4209 2918 4264 futura.
3012 4208 3085 4264 ln
3114 4211 3239 4265 hac
3268 4209 3424 4266 vita
3452 4210 3617 4266 multi

2016 4301 2315 4368 queruntur
2342 4295 2403 4350 in
2432 4297 2777 4367 universum,
2828 4296 2977 4367 quod
3018 4297 3257 4352 humana
3294 4300 3503 4352 natura
3530 4303 3619 4354 tot

1979 4390 1987 4493 ι
2017 4383 2179 4440 malis
2216 4383 2469 4454 exposita
2498 4387 2607 4455 est,
2640 4399 2835 4454 parum
2864 4384 3195 4457 cogitantes,
3227 4399 3489 4455 magnam
3520 4401 3615 4440 eo-

2016 4487 2139 4526 rum
2184 4474 2397 4542 partem
2447 4486 2521 4526 ex
2546 4470 2709 4541 culpa
2738 4470 3023 4527 hominum
3067 4473 3237 4527 fluere
3250 4511 3267 4544 ,
3317 4475 3376 4528 et
3420 4487 3615 4528 revera

2016 4573 2130 4613 non
2156 4557 2292 4612 satis
2328 4563 2483 4626 grate
2533 4558 2757 4625 agnosci
2803 4558 2993 4614 divina
3044 4560 3101 4614 in
3154 4575 3259 4614 nos
3322 4559 3611 4630 beneficia,

2015 4645 2299 4716 magisque
2348 4643 2725 4702 adtentiouem
2774 4645 2849 4702 ad
2888 4647 3037 4702 mala
3050 4683 3067 4710 ,
3116 4663 3284 4719 quam
3332 4643 3411 4701 ad
3462 4646 3611 4702 bona

2012 4737 2221 4804 nostra,
2254 4732 2410 4788 verti.

2104 4819 2205 4875 53.
2248 4818 2392 4874 Aliis
2430 4819 2681 4891 displicet
2718 4819 3005 4892 inprimis,
3044 4820 3195 4892 quod
3236 4820 3386 4876 bona
3436 4819 3607 4874 iiiala·

2012 4921 2119 4977 que
2156 4906 2384 4978 physica
2422 4923 2538 4962 non
2576 4911 2709 4964 sunt
2758 4907 3055 4964 distributa
3102 4907 3405 4965 secundum
3456 4907 3607 4962 bona

2012 4994 2265 5064 malaque
2292 4995 2555 5071 moralia,
2608 5011 2705 5054 seu
2732 4995 2883 5069 quod
2912 5011 3075 5070 saepe
3102 4994 3265 5054 bonis
3304 4999 3389 5054 est
3440 4994 3603 5068 male,

2010 5081 2171 5136 malis
2200 5083 2285 5136 est
2314 5081 2473 5138 bene.
