3717 5850
1096 140 1140 160 r

1022 353 1179 412 xm.
1220 355 1323 412 DE
1350 323 1491 412 Usu
1516 355 1900 420 sclnwrm:
1927 353 2358 418 GENERAHS.
2829 353 2838 362 ·
3233 345 3320 414 87

128 501 277 572 gmtia,
302 499 425 572 qnia
452 513 563 556 non
588 497 697 554 nisi
720 496 911 554 unicus
936 495 1167 554 circulus
1192 513 1289 570 per
1308 495 1419 554 tria
1442 502 1645 570 puncta
1744 499 1859 556 tiae
1883 496 2222 571 possessione
2247 503 2540 556 secum
2581 497 2727 556 Nam
2753 499 2850 572 qui
2875 499 3016 558 lunc
3039 497 3320 556 scientiam

128 593 175 644 A.
196 590 247 644 B.
270 589 325 644 C.
360 587 481 645 duci
514 591 723 660 potest,
776 584 1023 657 sequitur
1058 583 1169 640 illis
1218 584 1395 643 tribus
1428 585 1645 659 punctis
1742 587 1974 660 tenebit,
2023 591 2154 644 ante
2201 586 2391 644 omnia
2427 586 2538 645 sibi
2575 588 2735 644 certis
2765 587 3320 646 demonstrationibus

126 679 249 750 datis,
282 669 501 748 quaesiti
537 675 725 732 circuli
762 677 1027 746 centrum,
1070 690 1169 730 sen
1206 677 1469 748 punctum
1494 673 1645 747 quod
1741 675 2038 732 satisfflciet
2061 675 2208 732 eirca
2231 691 2317 750 ea,
2345 685 2487 748 quae
2517 675 2588 730 de
2613 676 2734 732 Deo
2761 681 2926 750 atque
2951 676 3140 732 anima
3165 692 3318 748 repe—

124 762 1645 835 emlanmdosehaberetadpunctaAetBethe-
1741 761 3318 836 riripossamt3adhocenimdatasufficientianoejam

124 853 361 908 terminate
383 869 539 925 posse
564 851 811 925 reperiri,
840 849 987 923 quod
1016 851 1109 906 liet
1132 849 1183 904 si
1213 853 1329 906 tam
1356 867 1429 906 ex
1456 851 1641 908 medio
1739 851 1940 908 habere
1957 869 2174 910 neoesse
2191 855 2302 925 est,
2331 851 2480 908 idem
2499 851 2680 908 Deum
2697 852 2910 910 amabit
2925 869 3089 926 super
3109 853 3316 926 omnia,

124 942 255 1013 ipsius
286 943 337 998 A
371 941 419 997 B
454 940 715 998 educauit
760 937 1219 1012 perpendicularis
1257 939 1303 994 F
1330 939 1411 1012 G,
1456 932 1643 1016 (buius
1738 955 1868 996 cum
1887 939 2005 1008 eius
2031 940 2488 1015 pulchritudinem
2505 939 2792 1014 intelligat,
2813 945 2871 998 et
2895 956 3012 998 non
3029 945 3318 998 contentus

793 1027 946 1082 enim
964 1026 1251 1101 quodlibet
1267 1031 1531 1100 punctum
1549 1044 1642 1084 ae-
1740 1032 1976 1101 tantum,
2003 1029 2102 1086 sed
2127 1034 2186 1086 et
2211 1033 2360 1086 totus
2387 1029 2492 1084 erit
2521 1029 2730 1086 eventis
2759 1029 3035 1102 omnibus,
3065 1045 3192 1086 cnm
3213 1045 3316 1103 pro

790 1131 899 1188 que
937 1115 1191 1188 respiciet
1231 1120 1348 1172 tam
1378 1121 1641 1189 punctum
1739 1116 2115 1192 demonstrato
2139 1117 2340 1174 habeat
2367 1115 2556 1172 omnia
2582 1117 2792 1191 optime
2817 1133 2935 1174 esse
2961 1117 3232 1190 ordinata,
3259 1121 3318 1174 et

790 1205 863 1277 A,
893 1220 1059 1277 quam
1086 1209 1351 1277 punctum
1377 1197 1450 1281 B)
1482 1208 1539 1260 et
1566 1221 1641 1260 ex
1739 1205 1800 1260 in
1828 1204 2039 1262 bonum
2065 1205 2256 1262 cedere
2281 1205 2460 1262 Deum
2487 1206 2725 1278 amanti,
2767 1205 2952 1278 itaque
2977 1205 3118 1262 liber
3144 1212 3202 1263 et
3227 1222 3318 1262 so-

792 1291 975 1349 medio
1024 1291 1197 1365 ipsius
1244 1293 1345 1349 BC
1380 1293 1640 1350 educatur
1738 1294 1886 1350 lutus
1913 1293 2018 1350 erit
2043 1293 2154 1350 illis
2181 1293 2550 1350 anxietatibus
2576 1295 2902 1366 futurorum,
2943 1294 3142 1368 quibus
3167 1293 3318 1350 intir-

792 1380 1248 1454 perpcndicularis
1292 1382 1434 1453 HK,
1485 1379 1640 1452 cujus
1738 1381 1942 1438 miores
1967 1382 2204 1454 animae,
2231 1381 2415 1438 servili
2443 1385 2595 1438 metu
2621 1381 2800 1438 Deum
2825 1382 3082 1458 colentes,
3121 1383 3318 1440 misere

792 1469 992 1526 iterum
1044 1469 1329 1542 quodlibet
1376 1474 1639 1542 punctum
1739 1475 2026 1527 terrentur.
2113 1469 2397 1526 Intellecta
2423 1469 2592 1526 etiam
2620 1469 2725 1527 Dei
2753 1471 3086 1545 perfectione
3112 1475 3170 1528 et
3193 1471 3348 1552 har--

794 1557 989 1614 eodem
1027 1558 1195 1614 modo
1221 1557 1473 1632 respiciet
1499 1575 1639 1632 pun-
1739 1559 1930 1616 monia
1955 1575 2155 1632 rerum,
2184 1575 2299 1614 non
2332 1557 2610 1630 ignorabit
2637 1559 2768 1631 quid
2799 1559 2947 1614 Deus
2975 1576 3011 1614 a
3040 1575 3100 1616 se
3127 1559 3318 1632 exigat

608 1695 622 1712 ,
748 1639 753 1644 ’
794 1650 887 1702 cta
913 1646 960 1701 B
980 1651 1036 1702 et
1056 1645 1115 1719 C,
1146 1663 1275 1719 ergo
1304 1646 1353 1702 si
1382 1646 1493 1704 duo
1520 1663 1640 1720 per*
1740 1651 1797 1704 et
1824 1663 1966 1722 quae
1991 1647 2107 1702 sint
2134 1647 2316 1703 officia
2355 1646 2528 1719 vitae,
2567 1645 3034 1720 deprehendetque
3068 1647 3316 1704 maxima

122 1735 433 1807 &aliculam
471 1752 533 1791 se
572 1738 757 1790 secent
792 1733 853 1790 in
880 1735 951 1808 D,
986 1727 1157 1807 (quod
1197 1737 1260 1791 fit
1296 1735 1347 1790 si
1373 1751 1489 1791 non
1528 1735 1641 1790 sint
1740 1752 1840 1792 sua
1867 1736 2148 1808 voluptate
2173 1734 2316 1790 nihil
2339 1751 2456 1792 esse
2475 1733 2614 1808 jugo
2652 1734 2759 1792 Dei
2794 1733 3030 1808 suavius,
3069 1738 3128 1791 et
3164 1735 3314 1808 quod

122 1824 365 1896 parallelae,
396 1841 493 1880 seu
520 1823 572 1878 si
601 1823 669 1878 A.
702 1823 763 1878 Β.
792 1823 852 1878 C.
884 1839 995 1878 non
1024 1823 1137 1879 sint
1164 1823 1225 1878 in
1253 1823 1445 1879 eadem
1464 1823 1637 1892 recta)
1740 1824 1904 1882 nobis
1932 1823 2064 1897 ipsis
2091 1824 2334 1879 maxime
2375 1823 2510 1880 utile
2547 1828 2647 1896 est,
2687 1823 2746 1879 id
2773 1824 2894 1880 Deo
2921 1824 3165 1880 maxime
3191 1841 3315 1896 gra·

120 1919 321 1984 punctum
346 1929 639 1968 commune
668 1912 759 1984 (in
786 1927 897 1983 quo
920 1911 1038 1968 solo
1068 1929 1126 1968 se
1152 1929 1333 1968 secare
1358 1912 1638 1985 possunt),
1740 1918 1864 1969 tum
1903 1929 2036 1968 esse.
2121 1911 2282 1968 Unde
2310 1909 2432 1980 jam
2469 1911 2782 1970 conciliatio
2819 1913 3034 1986 egregia
3069 1911 3316 1984 sequitur

119 2015 246 2072 aeqnc
267 2001 503 2074 respiciet
534 2005 737 2074 puncta
762 1999 831 2054 A.
863 2004 921 2056 et
946 1999 1009 2055 R
1030 2004 1087 2056 et
1106 2001 1167 2055 C.
1196 2005 1253 2056 et
1279 2001 1509 2073 proinde
1537 2000 1642 2056 erit
1686 1930 1693 2057 ι
1732 2001 1984 2072 justitiae
2009 2003 2068 2056 et
2093 2000 2432 2074 prudentiae,
2463 2000 2744 2073 divinique
2769 2004 2829 2056 et
2853 2001 3062 2074 proprii
3089 2002 3313 2074 amoris,

118 2095 325 2144 centrum.
407 2090 567 2147 Idem
595 2089 851 2162 exemplo
880 2088 1015 2144 artis
1052 2089 1531 2162 cryptograpbicae
1559 2089 1643 2144 in·
1686 2068 1691 2138 Ι
1738 2089 1955 2146 honesti
1992 2087 2226 2161 denique
2265 2093 2430 2161 atque
2467 2089 2636 2161 utilis,
2687 2104 2826 2161 quae
2867 2090 2986 2145 sola
3028 2089 3315 2146 hominum

118 2177 243 2248 telligi
276 2181 461 2249 potoet.
550 2177 870 2249 Aliquando
916 2177 1065 2232 enim
1104 2182 1221 2232 tam
1259 2194 1431 2251 pauca
1471 2177 1641 2234 verba
1737 2177 2050 2251 ignorantia
2085 2182 2248 2250 atque
2285 2193 2466 2233 errore
2502 2177 2608 2234 sibi
2645 2181 3011 2251 opponuntur.
3073 2179 3147 2234 Et
3187 2195 3317 2235 con·
3347 2185 3360 2199 ‘

116 2265 349 2336 alliliabeto
396 2266 679 2338 incognito
716 2265 922 2339 scripta
969 2265 1255 2338 habentur,
1306 2270 1371 2322 ut
1418 2281 1639 2340 prorsus
1738 2266 1968 2323 scientia
1993 2282 2030 2321 a
2055 2265 2318 2339 scrupulis
2347 2265 2686 2338 liberabitur,
2717 2265 2915 2339 quibus
2943 2267 3020 2338 fit,
3063 2269 3128 2322 ut
3151 2257 3318 2340 saepe

118 2353 393 2424 impossibile
438 2356 545 2428 sit,
600 2355 840 2410 humano
890 2353 1109 2426 ingenio
1146 2355 1357 2410 elavem
1380 2353 1636 2428 ‚repe-riri,
1736 2355 2006 2428 homines,
2057 2371 2184 2410 cum
2223 2353 2378 2424 justa
2413 2358 2599 2428 agunt,
2641 2359 2808 2428 agant
2844 2353 3046 2424 injuste
3059 2395 3076 2427 ,
3115 2355 3314 2430 ignari,

118 2440 199 2496 imo
222 2447 271 2497 ut
296 2443 401 2498 fieri
428 2442 605 2517 possit
633 2443 826 2498 eadem
854 2441 1023 2498 verba
1052 2443 1261 2498 occulte
1291 2443 1493 2516 scripta
1521 2459 1637 2497 mo·
1737 2443 2017 2517 quomodo
2045 2443 2286 2499 actiones
2324 2447 2473 2498 recta
2511 2442 2816 2500 intentione
2851 2443 3072 2518 capiant
3099 2443 3316 2500 bonita-
3357 2513 3365 2520 ἱ

118 2529 177 2582 dis
196 2530 467 2589 innumeris
492 2532 793 2588 secundum
826 2531 1067 2587 diversas
1098 2531 1277 2588 clavoe
1306 2535 1451 2588 recte
1477 2548 1637 2604 posse
1736 2537 1867 2589 tem.
1920 2531 2071 2587 Nihil
2098 2536 2286 2588 autem
2311 2530 2523 2586 bomini
2561 2531 2786 2588 homine
2813 2537 2894 2588 est
2929 2531 3134 2605 utilius,
3175 2531 3316 2589 nihil

117 2617 347 2692 explicari,
384 2620 663 2677 interdum
700 2635 832 2676 vero
870 2624 1061 2676 contra
1098 2636 1214 2676 uon
1242 2623 1459 2676 tantum
1486 2620 1636 2676 suffi-
1735 2620 1982 2690 amicitia
2007 2620 2244 2694 suavius,
2287 2618 2424 2675 nibil
2451 2621 2642 2676 anima
2665 2621 2924 2678 rationali
2959 2621 3109 2694 apud
3133 2622 3316 2678 Deum

117 2705 283 2780 cientis,
310 2709 397 2765 sed
425 2710 599 2765 etiam
626 2709 751 2782 plus
779 2724 947 2781 quam
976 2708 1303 2764 sufficientia
1328 2711 1459 2764 sunt
1484 2708 1633 2780 (lata,
1734 2707 2045 2784 pretiosius,
2075 2713 2240 2781 atque
2265 2723 2452 2764 amare
2479 2725 2688 2782 omnes,
2727 2710 2896 2766 etiam
2931 2709 3092 2766 nobis
3131 2708 3317 2766 inimi·

116 2807 195 2864 qno
217 2797 341 2853 facto
366 2797 509 2854 idem
530 2797 763 2854 diversis
790 2796 895 2852 viis
916 2796 1179 2869 invenire,
1206 2801 1265 2853 et
1283 2813 1399 2854 non
1420 2799 1636 2853 tantum
1680 2821 1699 3620 ι
1735 2815 1862 2872 cos,
1903 2797 2084 2854 odisse
2123 2797 2427 2868 neminem,
2471 2797 2638 2854 etiam
2687 2797 2776 2854 cui
2813 2797 3060 2872 cogimur
3099 2813 3314 2872 nocere,

1684 3903 1691 3972 Ι

116 2883 343 2941 veritatem
367 2887 459 2945 sed
488 2891 553 2944 et
570 2885 811 2944 Probam
836 2901 1005 2959 quam
1030 2889 1232 2943 vocant
1256 2885 1375 2943 sive
1401 2901 1636 2943 examen
1736 2903 1851 2945 non
1879 2885 2078 2943 Christi
2105 2885 2281 2960 magis
2307 2889 2472 2959 quam
2500 2901 2784 2960 supremae
2809 2887 3038 2944 rationis
3065 2875 3318 2962 praecep-

1736 2981 1860 3034 tum
1896 2978 1996 3031 est.
2061 2974 2169 3039 Qui
2207 2990 2340 3031 vero
2377 2973 2458 3031 ita
2497 2976 2772 3031 animatus
2808 2981 2910 3049 est,
2949 2991 3076 3033 cum
3103 2992 3317 3050 semper

1736 3064 1970 3121 candide
1995 3068 2142 3137 agat,
2171 3079 2405 3135 eumque
2431 3064 2508 3119 ob
2533 3079 2721 3121 rerum
2747 3063 3106 3137 singularium
3143 3064 3317 3121 seien-

1737 3154 1892 3226 tiam,
1923 3166 2090 3225 quam
2119 3152 2460 3226 possessione
2487 3152 2745 3208 scientiae
2780 3152 3048 3225 generalis
3085 3152 3194 3210 sibi
3221 3170 3316 3227 pe·

1737 3243 1909 3317 perit,
1949 3240 2138 3299 multis
2176 3240 2430 3314 prodesse
2463 3241 2662 3315 possit,
2715 3245 2772 3297 ct
2807 3241 3016 3297 amicos
3063 3240 3222 3305 thcile
3259 3244 3316 3299 et

1738 3334 1986 3388 fortunas
2023 3330 2259 3404 parabit.
2302 3329 2450 3385 Nam
2475 3333 2631 3387 tanta
2657 3346 2746 3387 res
2773 3334 2856 3386 est
2879 3330 3088 3387 candor
3123 3330 3315 3403 animi,

1736 3424 1801 3477 ut
1841 3434 2006 3475 nemo
2045 3418 2215 3475 etiam
2251 3434 2471 3492 eorum,
2523 3418 2620 3491 qui
2668 3418 2912 3475 maxime
2947 3418 3131 3476 callidi
3167 3422 3316 3491 suut,

1736 3524 1853 3565 non
1879 3507 2174 3563 candidum
2199 3506 2308 3563 sibi
2335 3506 2570 3563 amicum
2599 3507 2774 3563 malit.
2837 3508 3096 3565 Fortunis
3130 3512 3319 3565 autem

1736 3610 1922 3653 carere
1969 3610 2086 3650 non
2133 3599 2315 3667 potest
2355 3595 2453 3668 qui
2501 3596 2707 3653 amicos
2747 3595 2930 3669 habet,
2971 3601 3028 3653 et
3075 3596 3316 3671 seposito

1738 3686 2043 3741 amicorum
2072 3684 2274 3755 favore,
2305 3683 2402 3755 qui
2427 3684 2643 3756 egregia
2670 3684 2898 3741 artificia
2917 3684 3166 3741 invenire
3191 3688 3317 3759 pot·
3337 3692 3360 3703 ‘

1737 3776 1839 3844 est,
1891 3770 2092 3844 quibus
2129 3771 2369 3827 humana
2409 3771 2526 3826 vita
2569 3772 2896 3843 sublevetur,
2946 3772 3120 3829 etiam
3169 3772 3316 3845 apud

120 2972 327 3047 veritatis,
354 2976 555 3033 habere
580 2990 886 3048 possumus.

60 3100 62 3103 ι
180 3061 289 3117 Dari
320 3070 501 3120 autem
554 3064 839 3121 scientiam
876 3061 1216 3137 hujusmodi,
1258 3064 1639 3120 demonstran-

119 3145 213 3203 dum
236 3156 305 3205 cst
328 3169 361 3208 a
384 3152 579 3225 priori,
606 3168 919 3225 quanquam
938 3153 1107 3209 sciam
1132 3152 1327 3225 vulgus
1352 3151 1637 3209 bominum

118 3235 159 3291 in
180 3239 347 3296 talibus
372 3257 483 3297 non
511 3241 629 3297 nisi
664 3240 1155 3297 demonstrationes
1180 3256 1217 3296 a
1242 3240 1548 3313 posteriori,
1578 3242 1638 3298 id

120 3328 177 3377 est
196 3327 257 3383 ab
276 3335 477 3402 meritur,
506 3345 723 3402 (rapam
808 3329 951 3385 Dico
988 3328 1173 3402 igitur,
1206 3329 1255 3384 si
1283 3345 1395 3402 qua
1431 3330 1637 3385 veritas

117 3418 189 3466 aut
206 3414 243 3469 si
267 3418 399 3488 quod
423 3417 719 3475 artificium
744 3418 915 3473 etiam
940 3417 1015 3474 ab
1042 3418 1239 3491 angelo
1276 3418 1439 3474 nobis
1464 3418 1639 3491 possit

118 3498 413 3563 demonstrari
438 3523 513 3563 ex
548 3506 659 3562 illis
682 3506 819 3562 solis
854 3504 1138 3579 principiis
1164 3504 1449 3579 quaejam
1468 3506 1639 3563 habe-

118 3602 221 3661 mus,
242 3592 371 3649 idem
397 3594 651 3651 invenire
678 3611 781 3651 nos
808 3594 1051 3667 potuisse
1078 3610 1177 3667 per
1214 3610 1317 3651 nos
1343 3594 1492 3667 ipsos
1532 3610 1637 3665 ope

118 3675 241 3745 hujtls
261 3683 495 3740 scientiae
522 3683 815 3757 generalis,
842 3682 893 3738 si
920 3683 1089 3738 modo
1114 3682 1279 3738 nobis
1315 3686 1413 3737 aut
1440 3682 1639 3739 verita-

118 3762 173 3819 tis
194 3765 461 3835 hujusmodi
490 3770 925 3844 inquisitionem,
964 3775 1063 3826 aut
1102 3768 1319 3825 artificii
1356 3770 1485 3825 talis
1522 3786 1640 3825 mo·

80 3882 87 3895 ·
118 3850 225 3907 dum
246 3862 583 3926 quaet-mdnm
624 3857 1107 3934 proposuissemus.
1170 3856 1338 3929 Cujus
1374 3858 1457 3915 rei
1494 3857 1639 3913 ratio
1738 3862 1946 3917 Tur-cos
1973 3862 2031 3915 et
2055 3858 2218 3915 Sinos
2244 3858 2304 3914 in
2331 3860 2540 3915 bonore
2569 3859 2692 3930 erit,
2721 3863 2779 3915 et
2807 3859 2974 3915 modo
3017 3860 3164 3916 inter
3187 3860 3317 3917 illos

120 3938 265 3997 brevis
294 3952 377 4020 est,
414 3949 563 4022 quod
602 3948 673 4004 de
712 3967 773 4005 re
814 3948 999 4020 aliqua
1036 3945 1175 4003 nihil
1212 3945 1377 4002 nobis
1414 3946 1640 4003 demon·
1684 3991 1690 4042 Ι
1738 3954 1870 4023 agat
1907 3965 1944 4003 a
1981 3945 2180 4019 quibus
2215 3946 2573 4021 intelligatur,
2617 3950 2674 4002 et
2710 3948 2806 4019 qui
2841 3964 2958 4004 non
2995 3952 3157 4021 eguit
3189 3947 3314 4022 ipsi,

118 4031 243 4085 suari
274 4042 447 4110 potest,
484 4054 561 4094 ne
602 4037 677 4093 ab
717 4036 915 4110 angelo
953 4035 1193 4108 quidem,
1234 4034 1343 4091 nisi
1370 4039 1638 4107 quatenus
1738 4022 2022 4110 nunquam
2059 4051 2176 4091 non
2213 4033 2326 4091 illis
2365 4036 2528 4091 rebus
2567 4035 2896 4109 abundabit,
2939 4036 3139 4109 quibus
3177 4053 3318 4111 opus

116 4118 325 4188 requisita
348 4123 459 4193 ejus
486 4126 571 4182 rei
588 4125 972 4197 intelligimus3
995 4123 1119 4193 jam
1146 4124 1207 4179 in
1234 4122 1389 4180 omni
1410 4123 1639 4181 veritate
1738 4129 1823 4183 est
1850 4126 1924 4181 ad
1951 4124 2092 4181 bene
2117 4124 2384 4197 beateque
2411 4124 2720 4181 vivendum.
2787 4125 3038 4198 Denique
3073 4142 3202 4183 cum
3230 4144 3314 4199 ea,

116 4208 261 4263 omnia
282 4214 530 4285 requisita
558 4212 857 4287 praedicati
894 4212 1249 4269 continentur
1275 4211 1337 4268 in
1362 4212 1638 4284 requisitis
1738 4231 1880 4287 quae
1915 4229 2112 4287 corpus
2148 4216 2400 4269 nostrum
2438 4212 2580 4269 bene
2617 4214 2828 4271 maisve
2867 4214 3128 4288 afficiunt,
3157 4215 3318 4285 hujus

116 4291 311 4373 subjecti,
330 4305 383 4355 et
399 4302 663 4375 requisita
678 4303 921 4373 effectus,
932 4302 1027 4373 qui
1049 4300 1640 4375 quaeritur,continent
1738 4302 1998 4359 scientiae
2022 4301 2290 4373 generalis
2315 4295 2648 4359 adminiculo
2677 4306 2793 4358 tam
2821 4307 3070 4360 accurate
3093 4320 3319 4376 cognos-

114 4382 295 4441 artificia
316 4391 615 4447 necessaria
640 4390 713 4447 ad
752 4406 876 4446 eum
907 4388 1331 4463 producendum.
1394 4390 1517 4455 Qua
1544 4389 1639 4445 de-
1685 4437 1691 4494 l
1738 4396 1948 4463 eantur,
1977 4406 2146 4463 quam
2171 4406 2244 4447 ex
2265 4390 2408 4447 datis
2420 4389 2544 4459 ,iam
2565 4392 2952 4465 experimentis
2979 4392 3097 4447 fieri
3117 4396 3315 4467 potest,

113 4477 449 4535 monstratione
472 4493 603 4535 cum
641 4482 823 4536 totum
857 4475 1019 4548 huius
1057 4477 1315 4534 scientiae
1348 4478 1640 4534 artificium
1740 4480 2044 4551 modusque
2082 4479 2250 4536 etiam
2289 4483 2550 4553 appareat
2595 4496 2746 4536 nova
2792 4480 3167 4555 experimenta
3202 4497 3318 4539 uon

113 4560 427 4639 contineatur,
478 4583 623 4639 quae
660 4570 955 4640 sequentur
1002 4567 1193 4623 omnia
1230 4566 1529 4623 inservient
1566 4566 1639 4623 ad
1740 4586 1871 4625 casu
1919 4572 2136 4624 tannim
2175 4566 2271 4623 sed
2313 4573 2370 4624 et
2383 4608 2400 4642 ,
2451 4568 2634 4640 quoad
2684 4569 2836 4641 licet,
2885 4568 3118 4627 consilio
3167 4569 3318 4628 inve-

114 4660 203 4701 fflm
224 4653 605 4724 explicandam.
1740 4655 1948 4729 aiendi,
2001 4672 2100 4712 nec
2141 4656 2350 4713 sanitas
2398 4662 2716 4729 caeteraque
2762 4658 2910 4715 vitae
2945 4658 3128 4715 suavis
3169 4659 3320 4715 bona

174 4736 354 4801 Quodsi
402 4743 529 4799 talis
577 4742 805 4801 scientia
852 4742 1109 4800 absoluta
1156 4742 1473 4815 baberetur,
1524 4759 1639 4799 non
1741 4746 1971 4803 deemnt
2009 4760 2292 4818 quousque
2339 4749 2466 4801 sunt
2503 4745 2564 4801 in
2601 4746 2846 4803 humana
2882 4750 3180 4820 potestate,
3221 4752 3320 4804 aut

114 4827 213 4887 Puto
227 4829 503 4901 quicquam
530 4836 657 4903 post
698 4831 958 4905 pietatem
998 4837 1057 4889 et
1086 4829 1363 4899 justitiam
1398 4836 1459 4888 et
1502 4832 1640 4887 ami-
1738 4849 2022 4908 quomque
2055 4833 2292 4907 sapienti
2339 4834 2576 4908 placebit
2625 4834 2912 4892 demittere
2959 4836 3206 4893 animam
3245 4836 3316 4892 ad

113 4908 253 4969 titiam
277 4922 329 4973 et
352 4920 643 4975 sanitatem
671 4937 738 4976 ea
775 4920 1001 4992 reperiri
1038 4919 1235 4978 melius
1271 4924 1329 4977 et
1364 4920 1438 4977 ad
1466 4920 1639 4977 felici·
1738 4923 1982 4995 corporis
2007 4938 2210 4979 euram.

114 4998 241 5094 'istem
262 5006 521 5065 efficacius
548 5008 607 5065 iu
632 5009 797 5067 rebus
823 5008 1093 5079 immanis,
1122 5023 1433 5081 quanquam
1460 5008 1639 5065 ausim
1826 5012 1977 5068 Haec
2016 5012 2246 5067 scientia
2283 5010 2567 5083 generalis,
2611 5014 2804 5085 fateor,
2844 5011 3091 5069 nondum
3117 5028 3154 5068 a
3180 5028 3316 5085 quo-

112 5080 263 5179 elme,
296 5093 469 5167 ipsam
496 5094 757 5169 pietatem
782 5102 841 5153 et
868 5094 1145 5166 justitiam
1181 5112 1413 5169 semper,
1452 5097 1639 5154 amici-
1738 5115 1908 5172 quam
1934 5099 2138 5157 tradita
2165 5104 2266 5171 oet,
2295 5116 2474 5172 neque
2508 5100 2678 5157 etiam
2715 5100 2876 5157 credo
2915 5116 3179 5173 poam,
3219 5116 3316 5157 ne-

113 5174 219 5231 tum
236 5185 409 5239 autem
433 5188 495 5241 et
518 5184 809 5243 sanitatem
836 5186 1153 5259 plerumque
1180 5202 1253 5243 ax
1280 5184 1441 5255 huius
1468 5186 1639 5245 stien-
1738 5204 1845 5261 que
1871 5205 1908 5246 a
1935 5204 2026 5245 mc
2061 5187 2172 5244 nisi
2207 5186 2328 5258 eius
2363 5187 2526 5245 initia
2563 5189 2868 5263 traduntur,
2905 5188 3010 5245 hoe
3047 5192 3133 5245 est
3159 5206 3316 5264 prae-
