3717 5850
946 279 1051 383 ix.
1104 324 1661 383 MnnrrAnoNrs
1688 324 1791 382 Dr:
1820 323 2271 382 cooNrrtoNE
2298 332 2401 385 etc.
3219 322 3303 389 81

126 471 353 553 principio:
372 467 695 542 quicquid
725 467 939 541 clare,
972 471 1041 523 et
1062 468 1411 525 distincte
1440 466 1523 524 de
1551 482 1623 523 re

123 565 299 635 aliqua
322 558 652 631 percipio,
696 556 767 614 id
810 560 917 612 est
958 571 1223 625 verum,
1268 573 1383 612 seu
1428 557 1507 614 de
1542 572 1621 611 ea

122 646 498 711 enuntiabile-
542 649 715 719 Saepe
734 646 889 719 enim,
902 644 1067 715 clara,
1080 649 1138 703 et
1155 645 1412 703 distincta
1434 644 1621 701 viden·-

122 750 181 798 tur
200 736 472 795 hominibus
497 738 703 791 temere
730 733 1115 807 iudicantibus,
1146 750 1287 807 quae
1312 734 1545 791 obscura
1562 737 1620 789 et

121 830 285 887 mnam
317 828 453 881 sunt.
508 823 708 882 Inutile
734 839 865 895 ergo
892 822 1119 878 axioma
1136 827 1235 894 est,
1270 822 1379 877 nisi
1398 821 1533 879 clari
1562 825 1619 877 et

122 914 299 975 distincti
323 912 603 969 criteria
627 911 1005 985 adhibeantur,
1026 926 1167 983 quae
1186 910 1528 983 tradidimus,
1562 914 1619 967 et

121 1006 195 1063 nisi
208 1006 387 1059 constet
402 1001 473 1057 de
490 1000 719 1057 veritate
730 1000 991 1057 idearum.
1034 1000 1121 1055 De
1138 1004 1353 1056 caetero
1362 1016 1478 1056 non
1488 1016 1620 1055 con-

121 1091 345 1155 temnenda
360 1088 603 1145 veritatis
622 1088 1061 1145 enuntiationum
1079 1088 1297 1144 miter-ia
1315 1092 1445 1145 sunt
1464 1104 1620 1161 regu-

121 1186 181 1239 lae
206 1177 555 1237 communis
594 1178 924 1249 Logicae,
967 1178 1167 1249 quibus
1202 1180 1260 1233 et
1296 1178 1619 1233 Geometras

122 1274 303 1341 utuntur,
314 1272 371 1323 ut
384 1266 593 1323 scilicet
608 1266 745 1322 nihil
764 1267 837 1322 ad
852 1266 1103 1321 mittatur
1114 1282 1215 1339 pro
1226 1271 1394 1339 certo,
1404 1265 1512 1321 nisi
1532 1281 1619 1323 ac-

122 1363 255 1415 uit-ata
268 1354 604 1429 experientia,
636 1354 725 1410 vel
752 1356 909 1411 firma
937 1354 1403 1411 demonstratione
1420 1354 1621 1428 proba-

123 1454 205 1503 tum
222 1446 291 1515 ¹)3
310 1446 455 1500 firma
472 1447 662 1499 autem
682 1443 1075 1499 demonstratio
1094 1447 1193 1516 est,
1203 1459 1343 1516 quae
1361 1442 1622 1517 praoecri-

122 1542 229 1611 ptam
245 1534 465 1605 alogica
486 1534 725 1588 formam
742 1536 941 1605 servat,
948 1548 1065 1587 non
1074 1531 1228 1604 quasi
1246 1548 1459 1605 semper
1476 1531 1635 1587 ordi-⁴

124 1627 223 1680 tntis
250 1622 535 1678 scholarum
563 1637 717 1677 more
744 1620 1095 1693 syllogisimis
1126 1636 1263 1699 opus
1292 1622 1367 1676 sit
1400 1614 1621 1697 (quales

124 1710 483 1769 Christianus
506 1708 851 1781 Hortinos,
874 1712 943 1765 et
958 1709 1271 1766 Conradu
1286 1710 1623 1781 sDasypo-

123 1803 233 1858 dius
250 1801 301 1855 in
321 1814 413 1853 sex
439 1798 657 1871 prioroe
674 1798 989 1854 Euclidis
1018 1798 1191 1855 libros
1226 1793 1621 1869 exhibuerunt)

124 1891 187 1947 md
202 1891 263 1945 ita
282 1888 461 1943 saltem
478 1892 547 1943 ut
564 1888 965 1960 argumentatio
994 1886 1282 1943 concludat
1320 1887 1375 1941 vi
1396 1888 1623 1958 formae,

123 1979 249 2051 qualis
272 1976 901 2049 argumentationis
933 1976 1004 2031 in
1032 1978 1257 2032 forma
1284 1974 1472 2031 debita
1498 1990 1627 2031 con-

124 2072 261 2141 ceptae
273 2066 571 2138 exemplum
591 2065 757 2121 etiarn
774 2064 1041 2121 calculum
1062 2064 1301 2138 aliquem
1320 2064 1629 2136 legitimum

124 2174 203 2212 esse
225 2154 426 2224 dixeris,
465 2154 657 2226 itaque
682 2170 783 2210 nec
814 2152 1296 2227 praetermittenda
1333 2157 1415 2209 oet
1445 2153 1631 2225 aliqua

124 2244 353 2317 praemissa
365 2242 685 2316 necessaria,
706 2246 763 2298 et
783 2258 974 2298 omnes
996 2242 1324 2315 praemissae
1338 2240 1460 2311 jam
1482 2246 1629 2314 ante,

125 2334 185 2389 rel
220 2334 597 2388 demonstratae
646 2348 764 2387 esse
801 2332 1019 2403 debent,
1072 2332 1163 2387 vel
1212 2330 1406 2387 saltem
1430 2342 1439 2347 ·
1456 2328 1631 2386 instar

126 2421 409 2493 hypotheseos
436 2422 736 2492 assumtae,
780 2435 889 2492 quo
916 2434 1044 2475 casu
1072 2424 1131 2475 et
1156 2419 1432 2475 conclusio
1458 2418 1632 2492 hypo·

124 2511 270 2566 Mea
292 2514 380 2566 est.
436 2509 593 2565 Haec
620 2509 715 2581 qui
741 2508 1111 2565 observabunt
1138 2507 1440 2582 diligenter,
1474 2507 1633 2564 facile

126 2599 173 2653 ab
192 2599 304 2653 ideis
320 2597 707 2678 deceptricibus
726 2596 834 2653 sibi
852 2598 1140 2653 cavebunt.
1176 2597 1280 2651 His
1298 2602 1484 2653 autem
1503 2596 1637 2652 satis

124 2686 442 2760 eo’ngruenter
426 2685 1269 2759 mgeniosissimusPascalius
1288 2684 1637 2759 inpraeclara

125 2776 433 2832 dissertatione
452 2775 561 2831 de
544 2774 765 2847 ingenio
786 2774 1129 2831 Geometrico
1160 2766 1349 2848 (cujus
1368 2776 1639 2847 fingmen-

126 2870 209 2920 tum
232 2868 367 2921 extat
389 2864 448 2919 in
478 2863 703 2937 egregio
730 2863 899 2919 Libro
928 2862 1266 2919 celeberrimi
1276 2863 1395 2918 Viri
1423 2862 1525 2917 An
1536 2866 1636 2918 to

126 2955 255 3010 tonii
277 2953 565 3010 Arnaldi
597 2953 667 3009 de
684 2956 803 3009 arte
822 2953 963 3010 bene
980 2952 1288 3024 cogitandi)
1308 2945 1637 3009 Geometrae

126 3059 209 3098 eae
231 3043 297 3099 ait
336 3041 561 3100 delinire
598 3057 789 3098 omnes
829 3041 1093 3098 terminos
1130 3057 1497 3114 parumper
1536 3041 1637 3098 ob-

126 3149 277 3204 sem-os,
300 3135 352 3187 et
376 3131 740 3204 comprobare
766 3147 958 3186 omnes
984 3130 1241 3186 veritates
1268 3145 1636 3204 parumper

128 3219 286 3276 dubias.
341 3220 441 3276 Sed
476 3219 682 3276 vellem
720 3219 1013 3276 definiisset
1052 3217 1284 3293 limites,
1316 3233 1454 3294 quos
1489 3219 1635 3276 ultra

1723 466 1910 540 aliqua
1940 467 2100 523 notio
2137 470 2234 523 aut
2271 467 2576 525 enuntiatio
2603 486 2720 527 non
2747 471 2984 546 amplius
3011 488 3304 548 parumper

1722 556 1972 629 obscura,
2016 559 2114 611 aut
2151 556 2320 612 dubia
2355 560 2456 613 est.
2531 558 2902 617 Veruntamen
2940 560 3074 634 quid
3103 579 3302 620 conve-

1720 644 1840 701 niat
1867 660 1942 703 ex
1967 648 2182 701 attenta
2199 661 2410 719 cortun,
2432 660 2574 719 quae
2593 646 2680 703 hic
2707 648 2965 724 diximus,
2993 652 3304 711 considera-

1718 735 1872 790 tione
1899 733 2017 791 erui
2045 736 2244 807 potest,
2275 750 2420 791 nunc
2445 736 2596 791 enim
2623 736 2882 793 brevitati
2907 740 3202 799 studemus.

1806 824 1968 888 Quod
1997 823 2068 879 ad
2095 824 2523 879 controversiam
2549 823 2764 897 attinet,
2795 830 2978 883 utrum
3005 829 3195 887 omnia
3219 832 3304 888 vi-

1718 912 1944 969 deamus
1982 910 2042 967 in
2073 912 2212 984 Deo,
2257 911 2433 985 (quae
2469 911 2660 985 utique
2697 918 2856 969 vetus
2890 920 2974 971 est
3011 919 3300 993 sententia,
3391 950 3400 957 ·

1719 1004 1776 1055 et
1824 1000 1874 1057 si
1923 1016 2060 1056 sano
2109 1016 2270 1056 sensu
2319 1001 2673 1075 intelligatur,
2726 1018 2844 1058 non
2882 1006 3110 1063 omnino
3151 1024 3302 1081 sper-

1718 1082 1926 1165 nenda)
1956 1105 2031 1144 an
2061 1106 2190 1145 vero
2221 1090 2471 1163 proprias
2499 1090 2650 1146 ideas
2678 1090 2992 1167 habeamus,
3022 1094 3302 1153 sciendum

1718 1182 1819 1251 ost,
1863 1178 1968 1235 etsi
2007 1178 2198 1233 omnia
2239 1178 2300 1234 in
2341 1180 2464 1235 Deo
2490 1178 2822 1253 videremuS,
2863 1187 3079 1238 necesse
3115 1188 3304 1243 tamen

1717 1282 1833 1323 eme
1860 1270 1926 1323 ut
1952 1266 2247 1323 habeamus
2273 1271 2330 1323 et
2357 1268 2508 1324 ideas
2529 1268 2794 1343 proprias,
2817 1270 2875 1326 id
2904 1273 2988 1327 est
3013 1286 3128 1327 non
3149 1273 3305 1344 quasi
3380 1332 3392 1346 ,

1718 1355 1994 1413 icunculas
2021 1355 2304 1429 quasdam,
2333 1357 2431 1412 sed
2461 1356 2775 1413 affectiones
2805 1358 2922 1414 sive
2949 1359 3307 1417 modificatio-

1719 1460 1819 1499 nes
1849 1443 2051 1501 mentis
2077 1448 2313 1530 nostrae,
2343 1446 2732 1519 respondentes
2752 1445 2824 1502 ad
2851 1447 2947 1503 id
2931 1464 3130 1523 ipsum,
3153 1450 3308 1523 quod

1718 1532 1780 1588 in
1812 1534 1933 1589 Deo
1969 1532 2396 1605 perciperemus-
2437 1534 2625 1635 utique
2665 1535 2817 1591 enim
2854 1536 2978 1591 aliis
3018 1537 3306 1611 cogitatio-

1720 1621 1885 1677 nibus
1911 1621 2270 1679 subeuntibus
2311 1622 2496 1695 aliqua
2532 1622 2593 1678 in
2631 1627 2816 1685 mente
2849 1629 3041 1681 nostra
3068 1628 3307 1685 mutatio

1722 1711 1815 1780 iit3
1844 1725 2030 1765 rerum
2059 1714 2189 1766 vero
2216 1714 2342 1767 actu
2371 1726 2406 1766 a
2425 1711 2588 1767 nobis
2615 1728 2730 1768 non
2757 1712 3122 1785 cogitatorum
3147 1715 3306 1773 ideae

1722 1802 1850 1853 sunt
1887 1798 1948 1853 in
1991 1801 2174 1855 mente
2209 1802 2423 1871 nostra,
2475 1803 2540 1856 ut
2579 1800 2750 1871 figura
2787 1801 3034 1857 Herculis
3071 1804 3132 1859 in
3179 1786 3306 1861 rudi

1725 1902 2014 1943 marmore.
2079 1886 2158 1942 At
2185 1886 2246 1942 in
2273 1887 2396 1943 Deo
2431 1904 2548 1943 non
2575 1890 2791 1944 tantum
2819 1905 3035 1947 necesse
3071 1894 3156 1948 oet
3181 1898 3308 1949 actu

1726 1992 1845 2032 oese
1882 1974 2066 2031 ideam
2103 1975 2440 2032 extensionis
2477 1976 2786 2051 absolutae,
2839 1982 3004 2050 atque
3039 1978 3306 2055 infinitae,

1728 2064 1825 2120 sed
1852 2068 1910 2120 et
1938 2064 2198 2137 cujusque
2225 2066 2444 2137 figurae,
2474 2078 2614 2137 quae
2641 2064 2777 2122 nihil
2805 2066 2957 2123 aliud
2995 2071 3094 2141 est,
3133 2083 3304 2141 quam

1728 2152 2065 2209 extensionis
2085 2153 2370 2209 absolutae
2391 2153 2740 2210 modificatio.
2769 2154 3058 2212 Caeterum
3075 2174 3201 2213 cum
3219 2174 3310 2214 co-

1730 2244 1890 2315 lores,
1907 2246 2006 2298 aut
2021 2242 2216 2298 odores
2227 2242 2571 2317 percipimus,
2595 2243 2784 2315 utique
2801 2244 3010 2300 nuliam
3029 2244 3198 2301 aliam
3213 2246 3309 2303 ba-

1729 2332 1949 2404 bemuS,
1991 2346 2160 2403 quam
2195 2331 2494 2404 figurarum
2525 2335 2582 2387 et
2608 2336 2859 2388 motuum
2889 2334 3308 2410 perceptionem,

1732 2420 1829 2477 sed
1855 2424 1973 2475 tam
2001 2419 2403 2493 multiplicium,
2447 2423 2505 2475 et
2539 2420 2880 2495 exiguorum,
2921 2427 2986 2478 ut
3019 2438 3174 2479 mens
3204 2442 3311 2481 no·

1732 2512 1845 2564 stra
1884 2508 2111 2581 singulis
2151 2508 2406 2565 disthicte
2453 2508 2858 2565 considerandis
2908 2510 2970 2566 in
3015 2512 3119 2568 hoc
3156 2508 3310 2586 prae·

1734 2595 1878 2653 senti
1905 2614 2007 2652 suo
2033 2600 2180 2653 statu
2217 2613 2333 2654 non
2361 2596 2611 2670 sufficiat,
2664 2602 2722 2653 et
2760 2598 2994 2671 proinde
3041 2616 3156 2657 non
3192 2601 3312 2657 ani-

1737 2686 2044 2742 madvertat
2079 2686 2484 2759 perceptionem
2519 2702 2678 2743 suam
2717 2702 2791 2743 ex
2828 2688 2960 2744 solis
2997 2690 3309 2764 figurarum,

1736 2778 1793 2831 et
1822 2778 2073 2831 motuum
2100 2774 2589 2831 minutissimorum
2615 2777 3054 2849 perceptionibus
3090 2796 3313 2853 compo-

1736 2863 1903 2919 sitam
1941 2880 2085 2936 esse3
2135 2864 2596 2936 quemadmodum
2633 2865 2874 2921 confusis
2909 2866 3040 2921 flavi
3088 2870 3147 2925 et
3191 2885 3312 2925 cae-

1736 2951 1877 3008 rulei
1915 2953 2228 3025 pulvisculis
2264 2953 2498 3009 viridem
2535 2953 2776 3010 colorem
2811 2955 3188 3030 percipiendo,
3228 2957 3312 3013 nil

1734 3041 1844 3098 nisi
1883 3041 2087 3096 flavum
2138 3044 2196 3098 et
2229 3042 2536 3098 caeruleum
2575 3042 2936 3100 minutissime
2973 3043 3151 3101 mixta
3191 3063 3313 3102 sen-

1734 3130 1922 3204 timus,
1965 3129 2096 3186 licet
2143 3147 2258 3186 non
2301 3130 2824 3204 animadvertentes,
2880 3131 3063 3206 potius
3103 3150 3311 3191 novum

1734 3214 1957 3291 aliquod
1985 3219 2100 3274 Ens
2127 3219 2290 3276 nobis
2311 3219 2592 3292 fingentes.

237 3356 281 3414 ¹)
313 3361 615 3416 saepissime
658 3372 748 3407 eos
780 3361 1146 3408 Leibnitiua
1178 3362 1377 3420 laudat,
1422 3359 1507 3414 qui
1552 3360 1813 3407 ulomata
1856 3361 2193 3408 demonstrare
2237 3366 2491 3408 conantur.
2559 3362 2692 3407 Prae
2727 3361 2908 3409 ceteris
2950 3365 3116 3409 locum
3161 3369 3310 3412 nota-

128 3443 206 3478 nus
232 3445 256 3477 e
285 3432 577 3479 commercio
620 3432 877 3486 epistolico
922 3443 1032 3478 cum
1076 3433 1155 3478 Jo.
1198 3432 1569 3476 Bernoullio
1615 3436 1919 3486 excerptum.
1991 3433 2084 3478 Cui
2121 3442 2168 3477 a.
2201 3433 2518 3478 mncxcvl.
2553 3443 2616 3477 m.
2661 3433 2792 3488 Aug.
2838 3433 2911 3479 ita
2955 3434 3309 3482 L‘eibnitius

127 3504 274 3549 scribit:
313 3501 388 3557 [v.
430 3503 579 3549 virt.
622 3505 713 3548 cel.
757 3505 813 3549 G.
860 3505 919 3548 u.
954 3503 1163 3548 Leibn.
1210 3507 1260 3548 et
1294 3503 1381 3548 Jo.
1416 3503 1592 3548 Bern.
1640 3503 1909 3548 commerc.
1953 3503 2130 3556 philos.
2167 3509 2216 3548 et
2249 3507 2400 3551 matii.
2443 3507 2746 3549 Lausannae
2789 3509 2839 3549 et
2883 3506 3116 3550 Genevae
3155 3506 3306 3552 ine.

128 3576 273 3619 rml.
304 3585 345 3628 p.
377 3570 513 3628 90.]:
560 3574 741 3631 „Quod
776 3573 897 3632 dixi,
936 3575 1093 3620 omnis
1126 3573 1413 3620 Axiornatis
1450 3581 1482 3620 a
1516 3583 1594 3618 me
1630 3571 2097 3618 demonstrationem
2132 3573 2419 3630 desiderari,
2454 3584 2554 3619 non
2587 3579 2770 3618 temere
2806 3573 2986 3620 dictum
3021 3583 3122 3621 cst:
3160 3577 3310 3630 idque

129 3643 415 3690 animadvertis
450 3644 653 3702 opinor,
689 3644 737 3689 si
773 3645 967 3697 qnando
1000 3643 1201 3690 vacabit
1229 3643 1474 3698 inspicere
1509 3644 1849 3688 meditationes
1886 3644 2128 3696 quasdam
2161 3654 2301 3688 meas
2337 3645 2398 3689 de
2433 3645 2574 3700 ideis,
2611 3654 2742 3696 quae
2778 3651 2952 3690 extant
2985 3645 3037 3690 in
3068 3646 3306 3700 Lipsien-

130 3716 225 3760 eium
240 3717 375 3760 Actis.
407 3715 625 3769 Excipio
646 3719 809 3760 tamen
827 3715 1100 3761 Axiomata
1121 3715 1225 3773 ilia,
1258 3724 1387 3767 quae
1407 3720 1523 3760 sunt
1538 3713 2008 3771 lndemonstrabilia,
2038 3713 2180 3768 ipsas
2201 3713 2394 3759 scilicet
2412 3713 2654 3759 identicas
2673 3714 3055 3768 propositiones.
3094 3717 3308 3763 caetera

134 3787 272 3843 onnia,
288 3797 398 3839 quae
417 3785 615 3832 scilieet
632 3791 838 3840 possunt
855 3785 1197 3841 demonstrari,
1216 3786 1365 3830 etiam
1384 3786 1503 3830 utile
1523 3790 1600 3829 est
1618 3784 1960 3842 demonstrari,
1973 3795 2083 3830 cum
2102 3784 2275 3842 aliqua
2291 3784 3029 3839 magnimomenti'l'heoremata
3047 3785 3098 3831 in
3117 3787 3180 3832 iis
3191 3787 3306 3833 fun-

130 3858 285 3902 dantur.
308 3858 445 3910 ldque
462 3857 621 3903 etiam
638 3861 837 3902 veteres
854 3856 1098 3902 viderunt.
1142 3856 1283 3902 Unde
1302 3855 1597 3910 Apollonius
1620 3847 1700 3913 (in
1719 3855 1920 3908 scriptis
1939 3847 2230 3911 deperditis)
2257 3861 2306 3898 et
2323 3856 2535 3900 Procius
2554 3859 2604 3898 et
2626 3854 2714 3899 aiii
2731 3854 3005 3901 Axiomata
3022 3858 3084 3900 ab
3103 3857 3308 3904 Euclide

132 3934 309 3973 munita
322 3929 653 3973 demonstrare
673 3934 787 3973 sunt
808 3928 987 3973 conati.
1031 3930 1253 3979 Eamque
1274 3937 1377 3972 rem
1398 3923 1563 3972 fructu
1588 3935 1687 3972 non
1708 3935 1881 3972 carere
1900 3925 2049 3971 facile
2068 3925 2244 3979 opinor
2262 3925 2524 3980 concedes,
2544 3934 2690 3977 quem
2711 3930 2874 3970 tamen
2892 3937 2991 3970 non
3015 3926 3198 3986 vident,
3222 3927 3309 3981 qui

132 3999 389 4044 scientiarum
405 3999 669 4044 utilitatem
696 3999 890 4054 vulgari
918 3999 1111 4044 modulo
1128 3997 1407 4042 metiuntur.
1463 3998 1663 4042 Interim
1690 3996 1853 4053 vides,
1883 4006 1946 4041 ea
1961 3995 2268 4054 limitatione,
2291 4005 2439 4048 quam
2468 3995 2630 4040 addidi
2651 3999 2698 4041 et
2727 4006 2877 4048 quam
2906 3997 3175 4043 addendam
3192 4009 3310 4044 esse

133 4069 353 4122 praevideri
386 4075 601 4127 poterat,
635 4080 733 4114 non
753 4080 868 4114 esse
906 4080 995 4114 eur
1014 4078 1335 4124 progressum
1352 4067 1403 4113 in
1438 4067 1675 4114 infinitum
1704 4077 1916 4113 vereare
1939 4067 1992 4112 in
2010 4067 2401 4112 demonstrando.
2471 4067 2633 4112 Unum
2669 4067 2817 4112 addo:
2851 4069 3058 4112 muitum
3084 4069 3216 4124 apud
3231 4081 3310 4114 me

134 4139 323 4185 interesse
353 4141 479 4186 inter
512 4143 645 4186 haec
679 4141 792 4198 duo,
828 4139 879 4185 in
915 4139 1111 4188 dubium
1145 4149 1330 4186 vocare
1372 4137 1774 4197 propositionem,
1812 4143 1862 4182 et
1897 4137 2358 4183 demonstratIonem
2392 4138 2503 4190 eius
2537 4143 2776 4191 expetere
2787 4144 2803 4194 ς
2849 4137 2980 4192 quod
3025 4139 3138 4184 dum
3185 4148 3217 4187 a
3259 4145 3311 4185 te

134 4209 190 4255 iiie
217 4222 291 4265 pro
322 4212 485 4256 eodem
520 4213 748 4270 habetur,
783 4210 898 4256 hinc
925 4211 1033 4264 jam
1074 4209 1239 4268 video,
1277 4220 1366 4255 cur
1404 4219 1533 4262 quae
1568 4209 1791 4255 dixeram
1838 4209 1898 4252 de
1940 4208 2290 4254 Axiomatibus
2327 4208 2716 4254 demonstrandis
2762 4209 2887 4254 mira
2922 4206 3007 4254 tihi
3043 4209 3140 4255 sint
3175 4210 3308 4256 visa.

134 4281 172 4325 st
198 4282 423 4328 certesiae
454 4284 555 4328 hoc
586 4286 776 4327 tantum
807 4279 1067 4338 voluisset,
1105 4291 1215 4326 eum
1250 4279 1311 4326 de
1346 4280 1568 4325 omnibus
1612 4279 1926 4326 dubitandum
1962 4279 2112 4338 dixit,
2151 4279 2278 4332 quod
2314 4289 2406 4333 ego
2443 4278 2684 4334 desidero,
2719 4281 2854 4324 nulio
2893 4281 3020 4333 jure·
3041 4283 3312 4336 reprehen-

136 4350 306 4408 deretur;
338 4352 424 4398 sed
438 4351 545 4404 ,ille
578 4351 841 4406 dupuciter
872 4349 1100 4406 peccavit
1132 4351 1277 4397 nimIs
1312 4351 1573 4396 dubitando
1610 4357 1658 4396 et
1690 4351 1839 4396 nimis
1873 4349 2022 4395 facile
2055 4360 2090 4395 a
2125 4349 2426 4395 dubitatione
2459 4349 2766 4395 discedendo.
2823 4351 2952 4396 Illud
2983 4350 3146 4405 Ipsum
3181 4351 3337 4406 qaod·

135 4421 265 4476 anicia
294 4423 530 4470 Axioma:
568 4425 745 4470 'l'otum
778 4433 895 4468 esse
928 4424 1093 4477 maius
1126 4427 1284 4480 parte,
1322 4427 1594 4477 opportune
1630 4432 1663 4467 a
1680 4423 1751 4468 're
1782 4421 2001 4468 offertur.
2053 4421 2110 4466 Id
2147 4425 2280 4470 certe
2311 4429 2580 4474 numquam
2614 4420 2666 4465 ln
2699 4420 2897 4467 dublum
2927 4421 3114 4469 vocavi
3148 4427 3198 4468 et
3231 4427 3314 4470 ta·-

136 4503 214 4536 nen
240 4494 488 4547 aliquando
525 4493 976 4539 demonstrationem
1012 4494 1123 4548 ejus
1158 4493 1361 4552 expetii,
1396 4493 1491 4538 imo
1526 4490 1694 4539 inveni
1740 4503 1837 4538 uno
1874 4492 2165 4546 syllogismo
2202 4493 2620 4548 comprehensam,
2651 4491 2824 4536 innixo
2859 4491 3124 4539 definitioni
3156 4492 3315 4539 mino-

136 4562 187 4607 ris
213 4569 255 4608 et
281 4565 477 4620 maioris
512 4571 564 4610 et
579 4562 837 4609 Axiomati
872 4564 1109 4610 identico:
1142 4563 1345 4609 Minus
1382 4563 1508 4608 enim
1544 4561 1733 4617 delimo,
1770 4562 1900 4616 quod
1934 4561 2141 4607 alterius
2177 4554 2498 4618 (majoris)
2539 4561 2670 4616 parti
2696 4563 2908 4615 aequale
2933 4566 3029 4607 est.
3097 4561 3314 4608 Axioma

136 4637 260 4679 autern
286 4636 545 4682 identicum
580 4635 710 4688 qnod
743 4635 949 4680 adhibeo
984 4639 1087 4680 est:
1120 4633 1511 4688 Unumquodque
1544 4636 1755 4686 aequale
1791 4643 1908 4678 esse
1943 4632 2040 4678 sibi
2071 4632 2186 4690 ipsi,
2223 4641 2316 4677 seu
2352 4641 2520 4677 a=a.
2589 4633 2698 4677 noe
2731 4631 2859 4678 enim
2891 4638 3142 4687 tamquam
3173 4633 3321 4680 inde-

138 4707 399 4752 monstrantia
430 4717 592 4754 sumo.
658 4706 745 4752 sic
778 4716 897 4760 ergo
930 4710 1245 4760 argumentor
1278 4705 1331 4750 in
1365 4704 1655 4759 syllogismo
1691 4705 1880 4759 primae
1913 4703 2126 4758 figurae:

368 4777 613 4832 Quidquid
645 4781 721 4822 est
754 4779 969 4830 aequale
1000 4776 1134 4830 parti
1165 4775 1333 4834 totius,
1366 4775 1417 4820 id
1452 4780 1554 4820 toto
1588 4775 1751 4820 minus
1787 4779 1866 4818 est
1900 4765 2019 4836 (per
2052 4773 2389 4820 Definitionem
2431 4765 2748 4832 Minoris).

368 4849 499 4894 Pars
534 4847 687 4893 totius
722 4851 797 4893 est
834 4846 1061 4902 aequalis
1096 4846 1224 4902 parti
1262 4846 1427 4903 totius,
1468 4839 1667 4901 (nempe
1702 4845 1796 4891 sibi
1829 4844 1930 4899 ipsi
1965 4856 2055 4899 per
2086 4845 2309 4890 Axioma
2340 4836 2646 4902 idenlicum).

244 4919 365 4972 argo
408 4929 531 4972 pars
578 4917 729 4963 totius
782 4923 885 4963 toto
928 4917 1086 4963 minor
1130 4921 1223 4962 est.
1293 4917 1433 4970 Quod
1476 4921 1584 4961 erat
1618 4915 2060 4962 demonstrandum.
2129 4917 2210 4961 lta
2242 4913 2384 4960 vides
2419 4915 2660 4965 quomodo
2695 4915 2906 4960 emulum
2941 4911 3314 4960 demonstratio-

140 4994 225 5032 ιιιιι
253 4999 281 5034 a
312 4988 463 5044 priori
498 4989 597 5034 duo
634 4988 733 5034 sint
767 4987 1013 5043 principia
1043 4988 1233 5046 anima,
1269 4987 1575 5032 definitiones
1608 4991 1657 5032 et
1688 4985 2064 5041 Propo'sitiones
2097 4984 2357 5043 identicae,
2402 4983 2534 5036 quod
2575 4985 2724 5030 etiam
2767 4986 2886 5031 alini
2920 4995 2952 5030 a
2985 4995 3063 5030 me
3097 4987 3319 5029 notatum

146 5063 213 5100 est.
268 5058 431 5114 Atque
471 5061 604 5106 haee
644 5055 797 5114 paulo
840 5059 995 5104 latius
1039 5058 1283 5104 deducere
1325 5049 1509 5112 operae
1552 5056 1761 5112 pretium
1804 5057 1979 5111 putavi
2011 5061 2069 5102 ut
2101 5065 2192 5112 pre
2227 5054 2481 5108 aequitate
2513 5056 2624 5100 Tua
2655 5055 2856 5102 facinus
2887 5065 2966 5101 me
2999 5055 3239 5100 absolvas
3265 5054 3321 5098 in

143 5133 362 5190 mierum,
396 5130 441 5176 ei
478 5140 584 5184 qua
615 5129 739 5176 sorte
776 5130 937 5176 dicam
969 5129 1141 5189 obiter,
1178 5138 1307 5182 quae
1341 5127 1495 5183 primo
1542 5132 1751 5184 aspectu
1794 5127 2085 5174 insibituora
2131 5127 2423 5174 videbuntur
2439 5157 2454 5184 ‚
2489 5131 2577 5171 aut
2613 5126 2829 5182 speciem
2863 5121 3133 5178 sutorrugu
3164 5125 3320 5172 habe-

144 5197 245 5256 bunt,
274 5211 375 5246 eum
404 5201 532 5248 nihil
566 5201 663 5246 sint
694 5200 870 5246 minus.

2527 5263 2599 5318 11
