3717 5850
376 290 467 362 40

480 449 642 507 nobis
690 451 776 505 est
810 461 1001 505 omnes
1037 437 1369 505 variationoe
1418 444 1710 502 oculariter
1754 462 1954 520 propo-

478 555 625 611 nere,
655 537 804 610 quod
832 535 1210 593 Drexelius
1246 536 1369 592 loco
1396 535 1567 591 citato
1603 534 1954 591 Puteanus

478 631 539 684 et
564 625 968 700 Kleppisius
997 628 1055 682 et
1090 624 1423 681 Reinerus
1464 623 1697 680 citandis
1740 624 1952 680 factita-

382 713 456 771 11
478 719 622 772 runt.
682 716 969 773 Caeterum
996 719 1071 770 ut
1097 713 1344 787 Capita
1370 712 1583 769 utilia
1610 713 1717 768 vel
1744 712 1951 769 inuti-

476 805 573 861 lia
600 803 1085 877 reperiantur,
1116 801 1425 859 adhibenda
1452 799 1739 875 disciplina
1764 805 1851 857 est
1879 801 1952 858 ad

474 907 644 968 quam
658 909 757 950 res
784 892 1095 965 variandae,
1134 895 1233 948 aut
1268 895 1447 947 totum
1475 907 1548 947 ex
1584 889 1655 945 iis
1682 890 1952 964 composi·

474 987 595 1040 tum
622 983 873 1058 pertinet.
933 981 1172 1054 Regulus
1210 978 1329 1049 eius
1356 979 1577 1036 inutilia
1602 978 1825 1051 quidem
1850 978 1949 1035 eli-

475 1072 623 1145 dent,
650 1071 815 1128 utilia
840 1087 972 1128 vero
998 1069 1322 1141 relinquent.
1366 1068 1456 1125 Ibi
1482 1067 1781 1124 videndum
1806 1082 1950 1140 quae

473 1177 600 1218 cum
636 1160 835 1232 quibus
874 1164 933 1215 et
967 1175 1078 1232 quo
1114 1157 1237 1214 loeo
1264 1155 1525 1230 coniungi
1560 1173 1677 1213 non
1716 1157 1946 1231 possint,

472 1249 609 1307 item
635 1265 778 1322 quae
802 1247 1121 1320 simpliciter
1147 1262 1259 1319 quo
1286 1247 1409 1303 loeo
1438 1245 1573 1319 poni
1600 1261 1715 1302 non
1734 1247 1950 1319 possint

376 1345 389 1391 ζ
470 1355 524 1395 v.
554 1355 609 1412 g.
638 1337 837 1411 prime,
867 1336 1045 1408 tertio,
1074 1339 1173 1391 etc.
1234 1334 1511 1408 Impfimis
1550 1339 1739 1391 autem
1764 1335 1948 1408 primo

470 1431 529 1484 et
552 1427 769 1483 ultimo.
840 1424 1053 1481 Deinde
1090 1424 1388 1481 videndum
1424 1439 1566 1496 quae
1604 1441 1693 1480 res
1730 1424 1946 1497 potissi-

471 1529 624 1572 mum
652 1530 816 1572 causa
843 1513 918 1568 sit
942 1512 1251 1570 anomaliae
1278 1511 1361 1580 (v.
1372 1531 1427 1585 g.
1450 1512 1513 1568 in
1539 1513 1785 1570 versibus
1812 1513 1947 1570 hex-

468 1603 693 1661 ametris
729 1601 933 1677 proteis
972 1602 1219 1672 syllabae
1256 1598 1497 1673 breves).
1578 1601 1659 1657 Ea
1696 1601 1946 1658 ducenda

467 1697 551 1750 cst
598 1707 697 1767 per
738 1707 929 1747 omnes
970 1694 1229 1763 caeteras,
1280 1690 1470 1746 omnia
1510 1689 1646 1746 item
1695 1690 1842 1763 loca,
1895 1690 1946 1746 si

464 1782 687 1854 quando
736 1785 923 1836 antem
960 1779 1030 1835 de
1068 1778 1316 1852 pluribus
1352 1779 1499 1843 idem
1531 1777 1803 1849 judicium
1840 1783 1942 1852 est,

382 1872 387 1876 '
464 1871 599 1927 satis
624 1869 733 1927 erit
768 1869 831 1925 in
856 1884 971 1924 uno
996 1871 1252 1925 tentasse.
1396 1891 1403 1896 ·

346 2157 350 2161 ’
466 2050 1473 2226 VARIATIONEgElgssJI'lPffiES
1495 2153 1938 2224 REPERIRE.

368 2311 443 2370 12
559 2313 755 2368 »Duae
800 2315 933 2367 sunt
978 2311 1103 2366 viae
1152 2307 1267 2388 (1.)
1318 2327 1417 2384 per
1462 2310 1639 2384 probl.
1688 2309 1789 2367 12.
1835 2310 1940 2367 hoc

470 2401 701 2458 »modo-
731 2400 959 2456 inventa
982 2415 1200 2456 summa
1238 2397 1607 2456 variationum
1633 2400 1853 2456 utilium
1881 2403 1940 2456 et

470 2490 792 2547 »inutilium
839 2506 939 2563 per
987 2488 1163 2562 probl.
1213 2489 1273 2547 4.
1324 2489 1674 2544 subtrahatm·
1722 2504 1940 2544 summa

469 2579 727 2636 »utilium
754 2595 853 2652 per
880 2577 1055 2651 probi.
1096 2577 1197 2634 12.
1237 2577 1387 2632 viam
1414 2577 1739 2633 secundum·
1724 2615 1741 2650 ,
1785 2577 1938 2634 Resi-

470 2669 679 2724 ..duum
706 2667 815 2724 erit
840 2666 1149 2738 quaesitum
1178 2666 1295 2736 (2.)
1326 2665 1577 2722 absolute
1602 2665 1707 2723 hoc
1736 2666 1934 2722 modo.

471 2756 863 2816 »Iuvmiantur
900 2754 1082 2828 capita
1118 2754 1487 2811 variationum
1521 2753 1801 2812 inutilium
1840 2771 1938 2828 per

470 2845 685 2920 »ιιι-061.
721 2845 819 2901 10.
850 2848 1181 2915 quaerantur
1205 2844 1547 2917 singulorum
1574 2844 1815 2918 eapitum
1843 2859 1939 2899 va-

470 2934 767 2992 »riationes
795 2944 893 3007 per
920 2934 1099 3007 probl.
1147 2933 1201 2989 7.
1243 2932 1291 2989 si
1330 2949 1441 3008 qua
1476 2932 1659 3008 capita
1694 2949 1939 2990 commu-

468 3042 603 3081 nnes
630 3024 836 3081 habent
861 3022 1195 3079 variationes
1232 3038 1331 3096 per
1358 3022 1535 3096 probl.
1569 3022 1625 3078 9.
1676 3038 1938 3079 numerus

469 3129 697 3170 »earum
723 3110 1037 3167 inveniatm·
1064 3128 1162 3184 per
1190 3110 1367 3185 probl.
1403 3111 1457 3166 8.
1500 3114 1557 3167 et
1593 3110 1657 3166 in
1696 3127 1810 3169 uno
1848 3127 1934 3167 so-

466 3202 623 3259 »lum
648 3200 889 3275 capitum
916 3200 1249 3257 variationes
1272 3214 1589 3255 communes
1614 3199 1937 3257 habentium

467 3290 863 3362 »relinquatur,
904 3288 975 3345 de
1014 3292 1354 3345 caeterorum
1382 3287 1779 3345 variationibus
1806 3289 1936 3346 sub-

469 3379 780 3449 -trahatur3
842 3380 940 3433 aut
988 3376 1037 3431 si
1092 3378 1235 3434 hunc
1284 3376 1533 3433 laborem
1580 3377 1934 3434 subtrahendi

468 3468 881 3539 -subterfugere
920 3464 1073 3539 velis,
1117 3466 1279 3522 initio
1316 3464 1505 3522 statim
1546 3466 1729 3540 capita
1764 3483 1933 3539 quam

466 3555 747 3613 -maxime
775 3552 1079 3628 composita
1104 3571 1267 3628 pone,
1306 3555 1452 3611 conf.
1492 3555 1670 3628 probl.
1704 3554 1762 3611 8.
1819 3556 1934 3629 Ag-

466 3648 787 3719 „gregatum
838 3642 1089 3699 omnium
1136 3642 1504 3699 variationum
1550 3644 1621 3700 de
1675 3644 1934 3701 omnibus

464 3731 987 3807 -eomplexionibus,
1038 3732 1331 3791 subtractis
1379 3732 1777 3809 subtrahendis»,
1826 3733 1936 3791 erit

463 3825 937 3897 »quaesitum-

501 4006 1419 4179 VARlA'PlONggog'IPlIJJKEIIIS
1442 4107 1884 4177 REPERIRE.

358 4265 461 4321 132
540 4264 753 4321 Solutio
780 4267 865 4319 est
890 4266 955 4318 ut
974 4262 1037 4318 in
1055 4262 1308 4337 proxime
1336 4262 1695 4335 antecedenti,
1726 4262 1773 4317 si
1796 4263 1928 4319 haec

451 4355 647 4411 saltem
676 4356 871 4424 mutes,
901 4351 961 4406 in
988 4351 1083 4407 via
1118 4352 1169 4407 1.
1198 4350 1321 4406 loco
1349 4351 1616 4423 problem.
1659 4353 1685 4407 1
1698 4349 1754 4406 2.
1784 4368 1928 4426 pone

462 4443 558 4499 ll.
598 4448 698 4498 etc.
742 4444 800 4497 et
840 4438 1193 4496 subtrahatur
1240 4454 1455 4497 munma
1502 4440 1781 4497 inutilium
1830 4458 1928 4514 per

452 4530 626 4605 probi.
666 4531 693 4585 l
711 4530 762 4586 1.
792 4529 941 4585 viam
970 4527 1278 4585 secundam.
1341 4529 1406 4585 In
1434 4528 1526 4585 via
1559 4529 1614 4585 2.
1646 4529 1928 4585 invenian-

452 4625 545 4676 tur
580 4619 761 4693 eapita
798 4618 1167 4675 variationum
1204 4618 1452 4692 utilium3
1506 4623 1721 4676 caetera
1758 4622 1823 4675 ut
1865 4618 1927 4676 in

451 4708 627 4783 probi.
658 4707 930 4783 proximo.

568 4848 753 4907 Usus
780 4849 1119 4905 Problem.
1156 4848 1214 4906 7.
1250 4849 1306 4904 8.
1340 4848 1397 4905 9.
1436 4848 1533 4905 10.
1572 4850 1666 4905 11.
1706 4848 1806 4905 12.

353 4980 380 5034 l
395 4982 428 5035 4
538 4974 596 5033 Si
623 4973 713 5031 cui
740 4973 873 5029 haec
900 4972 1243 5047 problemata
1272 4976 1369 5029 aut
1388 4972 1557 5030 obvia
1582 4977 1681 5028 aut
1706 4973 1926 5030 inutilia

448 5066 719 5136 videntur,
750 5076 877 5119 cum
914 5062 987 5117 ad
1016 5061 1217 5136 praxin
1254 5062 1599 5136 superiorum
1639 5062 1920 5119 descende-

446 5156 522 5211 rit
550 5154 701 5213 aliud
728 5151 892 5211 dicet.
966 5150 1261 5209 Rarissime
1298 5151 1449 5209 enim
1488 5152 1575 5209 vel
1614 5156 1809 5209 natura
1838 5169 1922 5209 re-

1464 301 1537 362 11.
1578 301 1685 360 DE
1728 301 1930 360 ARTE
1971 299 2548 361 coMBmA'mRm.

2053 461 2178 502 rum
2204 445 2292 502 vel
2321 445 2485 502 decus
2513 444 2722 519 patitur
2757 460 2951 502 omnes
2989 445 3320 504 vai-intimes
3353 446 3525 521 possi-

2054 534 2210 607 biles,
2271 535 2434 591 utiles
2491 551 2622 590 esse.
2713 528 2882 604 Ouiae
2931 535 3209 638 specimen
3257 537 3318 592 in
3367 551 3526 609 mgn-

2051 627 2242 680 mento
2279 623 2464 680 minus
2501 625 2730 680 fortasse
2767 625 3061 698 frucwoeo,
3109 625 3172 682 in
3207 626 3526 699 exemplum

2053 717 2238 769 tamen
2267 712 2512 768 maxime
2537 695 2738 768 illustri
2777 712 2960 770 daturi
2993 729 3198 770 sumn
3265 714 3526 772 Diximus
3549 716 3608 772 15

2051 818 2218 876 supra
2243 803 2538 858 Proteos
2567 816 2808 856 versus
2833 817 2954 857 esse
2979 818 3146 876 pure
3185 807 3421 878 proteus,
3463 804 3528 860 id

2051 894 2136 948 est
2177 889 2238 945 in
2285 889 2484 962 quibus
2521 889 2810 962 pleraeque
2857 890 3189 949 variationes
3237 892 3528 965 possibiles

2050 977 2213 1034 utiles
2252 982 2398 1051 sunt,
2449 979 2493 1034 ii
2541 977 2804 1034 nimirum
2843 978 2943 1051 qui
2981 980 3088 1036 toti
3127 981 3528 1056 propemodm

2049 1066 2445 1136 monosyllabis
2473 1069 2756 1139 constant,
2785 1067 2876 1122 vel
2901 1067 3192 1142 mixtos,
3231 1068 3294 1126 in
3321 1070 3528 1143 quibus

2049 1155 2318 1230 plurimae
2345 1155 2597 1212 incidunt
2623 1155 2862 1228 inutiles,
2889 1157 3080 1228 quales
3117 1162 3248 1216 sunt
3285 1159 3381 1231 qui
3422 1175 3527 1232 po-

2048 1245 2340 1319 lysyllaba,
2372 1259 2544 1316 eaque
2571 1243 2762 1302 brevia
2787 1245 3070 1302 continet-e
3097 1247 3168 1304 In
3191 1247 3297 1304 hoc
3323 1263 3526 1320 genem
3548 1253 3619 1311 16

2047 1333 2193 1390 inter
2229 1337 2468 1407 veteres,
2509 1332 2606 1406 qui
2644 1332 2780 1388 mihi
2817 1337 2981 1389 notus
3021 1334 3097 1391 sit
3132 1336 3368 1392 tentavit
3407 1337 3530 1394 tale

2045 1422 2310 1495 quiddam
2337 1422 2486 1479 idem
2513 1422 2609 1478 ille
2636 1421 2706 1477 de
2733 1437 2844 1494 quo
2871 1423 3050 1496 probl.
3075 1424 3132 1480 6.
3161 1424 3528 1483 Publilius

2045 1510 2481 1585 Porphyrius
2539 1509 2980 1584 optatianus.
3087 1513 3163 1570 Et
3215 1514 3528 1584 Erycina

2045 1601 2392 1656 Puteanus
2419 1600 2708 1655 Thaumat.
2738 1599 2878 1656 Piet.
2907 1600 2992 1658 lit.
3031 1600 3100 1658 N.
3141 1617 3264 1675 pag.
3299 1601 3402 1658 92.
3443 1619 3528 1660 ex

2041 1688 2168 1745 aliis
2195 1687 2314 1758 ejus
2341 1687 2413 1744 de
2437 1687 2798 1746 Constantino
2837 1690 3083 1747 versibus
3107 1690 3208 1748 hos
3233 1693 3429 1750 refert:

2131 1777 2310 1842 Quem
2336 1775 2496 1834 divus
2522 1777 2712 1850 genuit
2737 1777 3088 1836 Constantius
3113 1779 3483 1854 Induperstor

2131 1866 2317 1923 Aurea
2343 1865 2609 1922 Romanis
2636 1882 2944 1940 propagans
2969 1868 3150 1925 secula
3175 1873 3327 1926 nato.

2042 1954 2133 2010 Ex
2160 1955 2270 2010 illis
2299 1954 2508 2028 primus
2534 1959 2620 2010 est
2643 1955 2954 2030 Torpalius,
2993 1955 3220 2016 vocibus
3257 1957 3526 2016 continue

2041 2043 2646 2120 syllabacresoentibus
2681 2047 2937 2102 constans
2971 2045 3114 2104 alter
3157 2050 3245 2106 est
3284 2047 3526 2104 Proteus

2039 2133 2370 2205 sexiformis,
2399 2132 2449 2188 si
2477 2133 2560 2189 ita
2585 2131 2738 2205 loqui
2767 2133 2851 2190 fas
2877 2138 2978 2191 est.

2126 2221 2314 2278 Aurea
2339 2221 2607 2278 Romanis
2644 2237 2952 2295 propagans
2985 2227 3170 2282 seeula
3193 2228 3328 2282 nato

2125 2310 2314 2368 Aurea
2338 2327 2647 2384 propagans
2673 2311 2940 2368 Romanis
2975 2313 3156 2370 semla
3180 2316 3316 2370 nato

2123 2399 2316 2470 Secula
2342 2399 2608 2456 Romanis
2643 2415 2952 2473 propagans
2978 2417 3146 2458 aurea
3171 2407 3306 2460 nato

2124 2489 2316 2546 Secula
2346 2504 2655 2562 propagans
2682 2487 2948 2546 Romanis
2975 2505 3142 2548 aurea
3157 2495 3294 2548 nato

2125 2577 2440 2651 Propagans
2461 2577 2727 2634 Romanis
2747 2593 2914 2636 aurea
2941 2579 3125 2636 secula
3150 2584 3286 2638 nato

2124 2666 2390 2722 Romanis
2409 2679 2716 2740 propagans
2735 2681 2902 2724 aurea
2923 2661 3108 2726 secula
3133 2673 3287 2728 nato.

2037 2754 2242 2812 Vemm
2269 2755 2450 2828 plures
2476 2755 2646 2812 habet
2671 2755 2881 2828 primus
2909 2755 3004 2813 ille
3031 2756 3393 2831 virgilianus:
3545 2765 3574 2820 l
3588 2763 3618 2816 7

2124 2844 2318 2914 Tityre
2345 2847 2408 2900 tu
2434 2844 2656 2918 patulae
2681 2845 2948 2902 recubans
2967 2845 3072 2903 sub
3092 2847 3334 2920 tegmine
3361 2847 3486 2920 fagi

2037 2949 2202 3006 quem
2229 2949 2358 2990 usus
2385 2934 2786 3008 propemodum
2811 2934 2873 2991 in
2893 2934 3085 3005 jocum
3111 2936 3295 2996 vertit.
3366 2936 3518 3007 Ejus

2036 3019 2367 3079 variationes
2393 3028 2524 3079 sunt
2549 3023 2683 3079 hae:
2713 3039 2815 3097 pro
2845 3028 2916 3081 tu
2945 3025 3074 3082 sub
3098 3023 3157 3081 2.
3186 3043 3290 3097 pro
3319 3031 3519 3100 patu-

2036 3111 2144 3167 lae
2169 3111 2508 3169 recubans
2521 3111 2576 3167 2.
2589 3110 3038 3182 etTityrejam
3054 3113 3240 3189 initio,
3255 3120 3518 3190 utnunm,

2028 3197 2152 3269 jam
2179 3200 2482 3273 tegmine
2509 3200 2700 3257 initioz
2729 3198 2856 3269 jam
2881 3200 3130 3273 Tityre
3169 3204 3516 3279 tegmine,

2035 3288 2316 3361 fine3jam
2343 3289 2650 3362 tegmine
2689 3288 2964 3363 Tityre,
3007 3291 3128 3349 fine.
3173 3295 3232 3349 4.
3265 3285 3321 3329 0
3363 3292 3404 3348 2
3445 3284 3508 3329 Ο

2038 3377 2094 3433 2.
2127 3378 2163 3433 f.
2202 3378 2298 3433 16.
2357 3377 2565 3435 Verum
2590 3378 2652 3434 in
2677 3378 3134 3453 Porphyiianaeis
3157 3396 3274 3437 non
3297 3382 3518 3455 singuli

2033 3465 2236 3540 Protei,
2267 3466 2362 3522 sed
2393 3482 2604 3540 omnes,
2633 3482 2812 3541 neque
2839 3484 2980 3525 unus
3007 3485 3211 3543 versus,
3249 3471 3348 3527 sed
3385 3488 3516 3527 car-

2034 3570 2163 3611 men
2210 3559 2391 3611 totum
2439 3556 2642 3613 talibus
2691 3556 2917 3629 plenum
2965 3558 3350 3617 admirandum
3403 3566 3516 3617 est.

2033 3642 2322 3713 Ejusmodi
2360 3661 2549 3703 versus
2576 3644 2946 3718 compositum
2985 3646 3170 3705 danda
3203 3664 3400 3722 opera,
3443 3653 3518 3706 ut

2032 3750 2194 3791 voces
2221 3734 2477 3791 consonis
2503 3739 2602 3790 aut
2627 3734 2912 3808 incipiant,
2944 3740 3042 3793 aut
3068 3737 3278 3795 finiant.
3336 3738 3516 3795 Alter

2033 3822 2131 3895 qui
2177 3827 2236 3879 et
2275 3838 2481 3879 nomen
2531 3824 2716 3879 Protei
2763 3823 2984 3897 indidit,
3013 3825 3264 3883 est-Jul.
3307 3827 3514 3887 Caes.

2033 3911 2366 3985 Scaliger,
2419 3912 2506 3968 vir
2541 3912 2590 3969 si
2629 3912 2836 3985 ingenii
2877 3914 3080 3971 ferocia
3117 3914 3293 3987 absit,
3332 3913 3516 3989 plane
3541 3922 3619 3978 18

2032 3991 2481 4074 ineomparibilis,
2532 4002 2688 4057 Ροόι.
2727 4001 2824 4057 lib.
2869 4001 2926 4057 2.
2955 4019 3004 4059 e.
3046 4003 3149 4062 30.
3181 4020 3302 4077 pag.
3355 4005 3512 4062 185.

2033 4089 2082 4144 is
2107 4089 2250 4145 hunc
2275 4090 2600 4163 composuit,
2631 4092 2950 4165 formarum,
2980 4095 3044 4149 nt
3085 4092 3202 4167 ipse
3226 4092 3388 4168 dicit,
3419 4093 3523 4151 in—

2029 4177 2466 4253 numerabilium,
2508 4182 2571 4235 ut
2595 4176 2699 4235 nos
2729 4180 2844 4236 64:

2116 4267 2326 4324 Perfide
2353 4268 2584 4341 sperasti
2611 4268 2769 4325 divos
2797 4270 2854 4324 te
2881 4269 3072 4327 fallere
3097 4270 3317 4327 Proteu.

2028 4355 2217 4411 Plures
2243 4372 2360 4411 non
2387 4372 2506 4413 esse
2534 4357 2692 4413 facile
2719 4356 2979 4432 inveniet,
3017 4358 3112 4431 qui
3141 4359 3375 4431 vestigia
3403 4360 3518 4418 hu-

2021 4442 2116 4514 jus
2143 4448 2364 4503 nostrae
2389 4444 2813 4519 computationis
2849 4446 3005 4519 leget.
3077 4446 3186 4503 Pro
3214 4447 3408 4505 Persi
3423 4450 3519 4506 de

2029 4533 2284 4590 fallere
2325 4532 2380 4588 2.
2417 4524 2472 4569 0
2510 4550 2612 4607 pro
2654 4534 2949 4591 Proteus
2991 4534 3191 4592 divos
3233 4535 3289 4591 2.
3337 4527 3395 4570 0
3447 4538 3517 4594 2.

2029 4622 2066 4677 f.
2101 4623 2157 4677 4.
2214 4622 2533 4696 Sperasti
2574 4623 2771 4679 divos
2809 4626 2899 4697 te,
2939 4622 3106 4681 habet
3139 4624 3516 4702 variationQ

2031 4711 2090 4766 6.
2123 4700 2179 4745 0
2222 4712 2280 4767 4.
2312 4712 2354 4766 f.
2398 4710 2498 4765 24.
2559 4711 2774 4768 Divos
2811 4713 3090 4785 perfide
3125 4714 3222 4770 Te
3259 4730 3520 4787 spera-

2025 4796 2148 4870 sti,
2177 4798 2345 4856 habet
2371 4815 2485 4855 var.
2519 4798 2576 4855 2.
2639 4800 2854 4856 Divos
2891 4800 2982 4857 Te
3008 4802 3310 4875 sperasti
3339 4820 3521 4876 per-

2027 4885 2198 4958 fide,
2252 4887 2447 4961 habet,
2489 4888 2546 4943 6.
2576 4884 2621 4959 -Ι-
2653 4888 2689 4943 2
2723 4884 2766 4961 -1-
2800 4889 2836 4944 2
2869 4892 2908 4947 f.
2944 4890 3022 4946 10
3058 4881 3115 4926 0
3155 4892 3212 4947 4.
3243 4893 3283 4948 f.
3317 4892 3428 4946 40.
3463 4891 3522 4965 -1-

2028 4975 2129 5030 24.
2161 4977 2202 5031 f.
2246 4976 2347 5032 64.
2385 4976 2798 5035 observavimus
2835 4994 2908 5034 ex
2937 4978 3272 5052 Virgilio,
3303 4996 3518 5053 aeque,

2025 5064 2140 5120 imo
2197 5066 2320 5139 plus
2369 5066 2710 5140 variabilem,
2773 5067 2914 5123 Aen.
2963 5068 3059 5124 lib.
3125 5068 3173 5123 l.
3236 5086 3288 5125 v.
3342 5067 3518 5129 282.

2024 5154 2236 5219 Queis
2275 5153 2441 5230 (proz
2491 5154 2657 5227 His)
2696 5170 2800 5229 ego
2827 5172 2932 5214 nec
2967 5160 3348 5215 metasrerum
3393 5174 3524 5218 nec
