3717 5850
1517 348 1985 561 ΙᾼΕΧΞΠΠ.

972 639 1152 741 AD
1225 636 2493 745 REVERENDISSIMUM

53 841 759 966 PATREM
848 843 1155 967 DES
1255 843 1833 968 BossEs
1941 843 2811 969 EPISTOLAE
2936 848 3383 973 TRES

1582 1084 1634 1092 ——-
1635 1084 1899 1093 ----—---——.

1599 1200 1866 1289 1712.

979 1512 1191 1567 (heina.
1227 1514 1353 1568 opp.
1390 1513 1466 1557 eii.
1505 1514 1700 1559 naten-
1734 1512 1873 1559 roai-
1910 1512 1979 1557 ιι.
2051 1512 2111 1557 ν.
2152 1512 2197 1555 i.
2232 1522 2283 1565 p.
2322 1485 2484 1561 ssa.)

509 1798 1016 1861 EPlST'oLA
1071 1802 1280 1859 xvul.

79 1919 738 1979 Reverendissime
788 1926 1025 1997 pater,
1080 1926 1323 1980 fautor
1374 1900 1690 1979 bonora-

740 2008 1039 2084 tissime,

179 2147 328 2201 Mire
355 2146 622 2203 satisfacit
653 2149 750 2201 tua
777 2149 960 2203 versio
987 2142 1080 2221 ¹),
1132 2154 1190 2204 et
1215 2146 1544 2219 originalem
1574 2149 1692 2201 tex-

83 2240 217 2289 tum
259 2235 464 2307 passini
519 2232 709 2287 vineit.
797 2234 1132 2291 paucissima
1173 2236 1444 2307 quaedam
1484 2232 1692 2304 notavi,

79 2322 284 2392 qualia
311 2326 367 2376 et
395 2322 452 2377 in
481 2320 623 2375 meis
653 2319 809 2375 soleo
825 2360 842 2394 ,
888 2322 984 2381 ubi
1025 2323 1224 2391 relego.
1313 2323 1389 2377 Et
1417 2337 1543 2377 cum
1577 2324 1693 2375 tam

81 2408 332 2465 fideliter
346 2447 362 2479 ,
403 2412 522 2465 tain
547 2407 828 2477 eleganter
855 2408 1142 2481 exprimas
1156 2448 1174 2481 ,
1217 2416 1382 2482 atque
1410 2408 1580 2464 etiam
1609 2406 1692 2463 in-

85 2496 318 2553 terdum
345 2495 588 2552 illustres
615 2510 774 2551 sensa
791 2535 808 2569 ,
837 2512 953 2553 non
980 2500 1064 2552 est
1091 2512 1190 2555 eur
1216 2498 1412 2553 erebro
1441 2510 1540 2567 per
1567 2510 1692 2566 pai·-

83 2584 296 2639 ticulas
325 2584 564 2641 subnata
591 2582 810 2656 mittas3
849 2584 1232 2657 suffocer-itque
1272 2582 1570 2656 aliquando
1605 2580 1691 2651 iu-

87 2675 244 2725 stam
273 2675 491 2742 partein
509 2710 525 2742 ,
571 2668 668 2725 ubi
700 2671 1001 2744 vacaverit,
1033 2672 1236 2728 venire.
1323 2670 1510 2727 Unum
1538 2668 1692 2727 addi·

85 2759 254 2830 dei-o,
285 2758 566 2813 interdum
605 2756 1174 2825 fugientiores‘videri
1215 2758 1526 2814 litterarum
1565 2756 1690 2812 cha-

85 2850 332 2901 racteres
347 2882 364 2914 ,
409 2842 558 2914 quod
585 2842 714 2897 ideo
742 2841 892 2904 dico,
933 2860 1004 2899 ne
1047 2844 1280 2899 soi-tasso
1319 2860 1464 2900 nova
1493 2846 1566 2899 sit
1596 2844 1690 2898 de-

81 2932 396 3002 scriptione
425 2945 591 3002 opus:
636 2943 812 3000 neque
850 2930 998 2985 enini
1041 2931 1432 3003 descriptiones
1459 2932 1588 2985 illae
1615 2931 1688 2986 ab

81 3017 418 3076 hominibus
479 3015 830 3072 mercenariis
876 3018 995 3072 sine
1046 3018 1266 3074 mendis
1324 3018 1440 3074 fieri
1492 3018 1688 3089 solent,

79 3121 236 3178 quae
265 3103 542 3166 interdum
571 3102 787 3171 fugiunt
812 3103 1170 3160 revidenteni.
1261 3105 1334 3160 Et
1361 3121 1492 3162 vero
1515 3105 1688 3176 plera·-

81 3209 206 3264 que
231 3191 422 3246 omnia
448 3191 710 3244 haetenus
738 3189 816 3244 ita
845 3192 1050 3262 scripta
1071 3195 1218 3264 sunt,
1249 3197 1312 3247 ut
1330 3209 1483 3248 novo
1503 3205 1689 3248 exem-

83 3278 240 3350 plari
267 3291 380 3344 non
411 3276 658 3330 videatur
685 3289 840 3347 opus.

185 3366 338 3428 Quae
379 3365 523 3419 Dno.
553 3361 1040 3418 Hartsoekero
1067 3368 1260 3420 nostro
1287 3363 1684 3437 responderim,

85 3455 160 3508 in
187 3450 402 3519 adjecta
431 3449 680 3522 Epistola
709 3448 879 3506 vides.
969 3449 1178 3506 Probat
1197 3452 1310 3523 ille,
1341 3457 1398 3508 et
1425 3467 1538 3506 non
1559 3467 1688 3522 pro-

87 3541 198 3594 bat
237 3553 420 3592 meum
459 3537 690 3593 rationis
721 3536 1040 3592 sufficientis
1069 3538 1434 3610 principium3
1484 3539 1686 3610 probat

89 3625 395 3698 generatim
409 3662 427 3697 ,
471 3639 585 3680 non
614 3623 818 3695 probat
845 3624 1112 3694 exertim3
1155 3625 1364 3682 diceret
1391 3626 1590 3696 aliquis
1613 3624 1686 3678 de

95 3712 314 3783 schola,
366 3713 604 3784 probare
632 3711 690 3766 in
721 3711 968 3782 signato,
1021 3727 1136 3766 non
1177 3712 1237 3766 iii
1265 3713 1510 3767 exercito
1539 3715 1682 3767 actu.

91 3799 346 3854 Dicerem
377 3797 452 3866 (si
483 3795 691 3866 mavis)
723 3797 958 3868 probare
987 3798 1178 3870 magis,
1207 3814 1376 3870 quam
1405 3799 1684 3855 adhibere.

92 3888 288 3956 Itaque
334 3901 445 3940 non
497 3885 651 3957 potui
701 3885 835 3954 quin
897 3885 950 3939 ei
1003 3887 1175 3958 paulo
1221 3887 1450 3958 elarius,
1502 3890 1560 3940 et
1588 3901 1686 3958 per

95 3973 351 4045 exempla
371 3973 576 4028 similia
593 3971 954 4043 ostenderem,
986 3978 1254 4044 quantum
1283 3973 1356 4028 ab
1385 3988 1474 4046 eo,
1505 3973 1562 4028 id
1582 3975 1684 4044 est,

96 4079 136 4116 a
174 4063 320 4116 recta
369 4061 584 4115 ratione
631 4057 871 4114 deeedat.
961 4060 1248 4132 Perplaeet
1293 4060 1441 4132 quod
1493 4063 1686 4116 contra

47 4195 52 4206 ,
101 4163 281 4202 meum
311 4146 641 4218 principium
670 4145 963 4201 Transitus
991 4163 1108 4203 non
1136 4148 1386 4204 saltantis
1414 4147 1470 4202 id
1501 4148 1684 4219 ipsum

100 4235 317 4303 allegat,
345 4249 458 4304 quo
484 4233 710 4305 pulchre
738 4233 914 4288 atomi
943 4233 1353 4307 impugnantur.
1429 4235 1501 4290 Et
1526 4247 1685 4306 prae-

101 4323 248 4377 clare
273 4320 614 4392 praevidisti,
643 4318 1062 4392 experientiam,
1091 4337 1256 4393 quani
1285 4323 1464 4394 affert,
1497 4335 1684 4378 vei-am

105 4423 218 4466 non
251 4423 382 4462 esse.
471 4406 676 4464 Omnia
712 4421 946 4478 eoi-pora
986 4408 1124 4464 dura
1174 4409 1336 4466 nobis
1393 4413 1528 4465 nota
1568 4408 1680 4462 ela-

105 4496 236 4552 stiea
263 4500 418 4566 sunt,
449 4495 698 4566 adeoque
725 4494 954 4566 eedunt,
995 4501 1054 4550 et
1082 4497 1197 4551 vini
1227 4496 1556 4552 incurrentis
1583 4509 1683 4568 per

24 4635 25 4638 ,
107 4581 300 4654 gradus
341 4581 610 4654 paulatim
647 4580 984 4652 infringunt3
1033 4583 1138 4637 etsi
1183 4584 1286 4639 hoe
1313 4597 1427 4639 non
1465 4595 1684 4654 semper

105 4670 234 4726 satis
257 4669 520 4726 sensibile
537 4668 628 4748 sit,
658 4683 785 4723 cum
813 4667 1020 4723 seilicet
1049 4669 1210 4724 valde
1233 4670 1374 4725 dura
1403 4674 1532 4725 sunt
1558 4683 1681 4725 eor-

105 4771 263 4828 pora,
303 4759 360 4811 et
397 4771 597 4825 magna
625 4771 684 4810 se
709 4753 1144 4826 promptitudine
1183 4756 1492 4812 restituunt.
1578 4757 1685 4812 Sed

107 4843 152 4898 si
181 4843 372 4899 dantur
399 4842 606 4914 atomi,
644 4843 912 4898 transitus
940 4843 1047 4897 iit
1032 4859 1088 4900 in
1117 4843 1344 4900 instanti
1373 4845 1566 4899 eontra
1593 4857 1684 4900 or·

1777 1798 2017 1857 bibitum
2060 1803 2253 1855 eontra
2293 1802 2512 1855 atomos
2553 1815 2667 1854 non
2708 1796 2844 1875 fuit,
2896 1803 2995 1857 sed
3040 1806 3223 1859 tamen
3263 1818 3375 1860 nou

1777 1884 2119 1961 spernendae
2147 1892 2231 1941 est
2259 1886 2531 1941 efficaciae
2558 1886 2705 1957 apud
2735 1888 3123 1958 intelligentes.

1865 1974 1955 2029 De
2006 1974 2189 2046 primo
2231 1988 2331 2027 suo
2373 1972 2691 2044 Elemento,
2744 1988 2841 2029 seu
2890 1976 3123 2031 materia
3163 1990 3376 2033 summe

1776 2061 1976 2134 fluida,
2022 2062 2103 2115 ita
2130 2059 2405 2115 interdum
2434 2059 2709 2133 loquitur,
2752 2076 2819 2116 ae
2844 2060 2893 2116 si
2920 2078 3121 2134 eorpus
3148 2078 3263 2119 non
3290 2077 3375 2119 es-

1777 2151 1880 2221 set,
1914 2148 2011 2203 sed
2038 2148 2142 2203 boe
2173 2150 2411 2203 fortasse
2440 2147 2501 2203 in
2533 2148 2931 2216 logomaeliiam
2960 2149 3156 2205 abibit.
3230 2150 3375 2206 Nam
3420 2210 3427 2215 ,

1777 2240 2052 2309 movetur,
2081 2238 2139 2289 et
2168 2232 2421 2307 impellit,
2452 2232 2875 2308 impelliturque,
2904 2238 2961 2291 et
2990 2236 3373 2292 extensionem

1777 2322 1975 2393 habet,
2026 2325 2083 2377 et
2134 2327 2317 2395 partes
2368 2322 2539 2379 etiam
2590 2321 2735 2379 aliae
2772 2323 2849 2377 ab
2886 2323 3013 2378 aliis
3054 2323 3371 2379 diseedunt.

1775 2410 1881 2465 Sed
1912 2409 2177 2481 quamdiu
2208 2409 2268 2463 in
2296 2410 2401 2465 hoe
2428 2424 2531 2466 suo
2558 2409 2729 2465 fluido
2756 2409 2893 2465 nihil
2922 2410 3199 2480 agnoseit,
3264 2411 3373 2465 nisi

1775 2495 2183 2569 extensionem,
2239 2496 2494 2569 figuram,
2548 2502 2607 2551 et
2654 2496 2848 2551 hai-um
2898 2497 3269 2553 variationem
3308 2498 3370 2551 in

1776 2588 1951 2655 motu,
1980 2596 2093 2637 non
2122 2584 2325 2655 poterit
2354 2582 2485 2637 inde
2510 2582 2739 2639 educere
2768 2582 3194 2655 perceptionem.
3270 2585 3373 2639 Ait

1773 2670 1997 2744 quidem
2018 2684 2121 2727 nos
2143 2686 2258 2725 iion
2288 2686 2451 2742 posse
2475 2670 2615 2725 scire
2632 2684 2866 2741 quarum
2896 2686 3078 2727 rerum
3108 2672 3221 2727 talo
3248 2670 3371 2725 flui-

1774 2760 1908 2814 dum
1960 2758 2035 2813 sit
2085 2772 2291 2831 capax,
2344 2758 2439 2813 sed
2494 2758 2757 2827 quamdiu
2808 2756 2869 2813 in
2910 2774 2981 2813 eo
3018 2758 3155 2813 nihil
3196 2755 3367 2830 aliud,

1771 2860 1941 2916 quain
1968 2844 2143 2916 (licta,
2194 2845 2558 2921 collocamus,
2600 2844 2813 2915 optime
2840 2845 3201 2917 perspicimus
3230 2858 3363 2915 quo·-

1773 2947 1901 2988 rum
1938 2945 2115 3002 capax
2166 2932 2253 2985 sit.
2346 2931 2462 2984 Nee
2498 2930 2835 2987 modificatio
2876 2932 3235 3004 perfectiones
3272 2933 3371 2987 ad-

1773 3019 1903 3074 dere
1954 3019 2163 3089 potest,
2216 3031 2344 3072 eum
2395 3016 2591 3072 barum
2641 3019 2857 3072 tantum
2908 3018 3113 3075 limites
3152 3019 3371 3074 variare

1772 3103 1968 3177 possit.
2055 3103 2215 3167 Quod
2254 3103 2303 3158 si
2342 3103 2399 3158 iii
2442 3103 2541 3158 illo
2568 3101 2739 3159 fluido
2768 3103 2999 3160 eolloeat
3024 3104 3256 3175 aliquod
3284 3109 3371 3160 at-

1773 3191 2045 3248 tributum
2087 3189 2282 3262 altius,
2336 3190 2407 3245 ad
2448 3193 2641 3246 nostra
2684 3190 2767 3245 vel
2811 3190 2893 3246 els
2920 3191 3107 3245 vicina
3134 3191 3359 3248 redibit.

1771 3279 1877 3335 Sed
1908 3278 2025 3350 ipse
2053 3277 2347 3332 discrimen
2386 3277 2467 3332 rei
2510 3277 2919 3351 substantialia,
2972 3281 3031 3332 et
3080 3277 3364 3332 modifica-

1771 3366 1987 3421 tionum
2000 3403 2019 3438 ,
2062 3363 2276 3434 aliaque
2305 3379 2419 3419 non
2446 3363 2871 3438 imaginatione,
2916 3365 3011 3419 sed
3054 3365 3365 3436 intelligen

1771 3453 1849 3508 tia
1890 3450 2397 3522 comprehendenda
2410 3489 2427 3523 ,
2472 3465 2587 3506 non
2623 3451 2755 3506 satis
2796 3451 3101 3568 inspexisse
3128 3451 3364 3526 videtur,

1769 3542 1867 3595 aut
1905 3553 2113 3594 curare.

1856 3624 2129 3691 Amicus,
2158 3623 2253 3694 qui
2284 3623 2346 3677 in
2397 3624 2532 3678 actis
2581 3623 2959 3696 Lipsiensibus
3000 3625 3259 3694 Muysii
3302 3626 3367 3682 li-

1769 3712 1932 3768 bruin
1960 3711 2252 3778 recensuit,
2284 3709 2527 3764 ostendit
2544 3710 2735 3781 etiam,
2768 3727 2895 3766 eum
2916 3711 3083 3782 plane
3104 3712 3368 3768 intactam
3450 3757 3459 3764 ,

1769 3799 2039 3870 reliquere
2078 3797 2191 3850 vim
2231 3797 2539 3864 argumenti
2578 3796 2689 3850 mei
2720 3811 2823 3868 pro
2850 3795 3173 3852 necessitate
3199 3797 3369 3852 Ente-

1773 3885 1979 3940 lecbiae
2006 3883 2295 3938 materiam
2324 3879 2771 3954 diversifleamia,
2810 3887 2869 3936 et
2910 3883 3175 3938 nonnulla
3204 3884 3369 3938 offert

1770 3972 1883 4028 tuis
1910 3971 2073 4042 plane
2099 3969 2515 4024 consentientia.

1857 4057 1963 4112 His
1981 4063 2039 4113 et
2058 4055 2333 4112 similibus
2353 4055 2517 4110 facile
2537 4053 2787 4110 convinci
2810 4057 2996 4126 posset-
3020 4054 3129 4110 Dii.
3158 4053 3217 4108 H
3222 4069 3259 4112 a
3272 4071 3303 4109 r
3316 4057 3367 4109 t·

1768 4145 2149 4217 soekerus,
2201 4142 2313 4198 nisi
2351 4142 2591 4198 invictus
2630 4145 2797 4197 esset.
2884 4139 2943 4196 Si
2973 4141 3201 4212 spiritus
3228 4139 3367 4198 iiiiii!

1766 4231 1920 4288 aliud
1959 4237 2085 4288 suut
2100 4271 2117 4302 ,
2160 4245 2329 4302 quam
2368 4228 2620 4285 collectio
2646 4229 2916 4299 quaedam
2935 4267 2951 4300 ,
3003 4233 3063 4287 et
3088 4229 3151 4282 ut
3178 4229 3259 4282 sie
3284 4225 3368 4282 di-

1767 4335 1920 4392 eam,
1972 4321 2129 4390 gutta
2169 4315 2327 4372 fluidi
2344 4357 2360 4387 ,
2413 4331 2527 4371 non
2556 4316 2732 4385 inagis
2772 4318 3031 4387 apparet,
3082 4314 3369 4385 quomodo

1767 4407 2177 4480 perceptionem
2220 4403 2550 4477 producant,
2602 4417 2767 4473 quam
2807 4401 2855 4456 si
2894 4415 2992 4461 eos
3020 4415 3148 4456 cum
3190 4399 3241 4455 Ε
3253 4402 3369 4471 pi-

1765 4509 1844 4550 eu
1857 4507 1937 4548 ro
1994 4507 2067 4547 ex
2118 4491 2321 4547 atomis
2366 4489 2747 4559 globularibus
2782 4487 3209 4560 composuisset,
3262 4501 3368 4542 nee

1766 4591 2010 4651 unquam
2060 4578 2255 4633 reddet
2294 4575 2569 4632 rationem
2618 4573 2965 4630 euvei-sitatis.
3057 4572 3163 4628 Sed
3212 4577 3363 4644 post-

1768 4681 1939 4738 quam
1966 4665 2134 4722 semel
2163 4663 2270 4719 sibi
2296 4662 2592 4735 pei-suasit,
2622 4662 2735 4718 duo
2762 4677 2883 4716 esse
2908 4660 3201 4734 primaria,
3246 4671 3363 4712 ma-

1769 4753 1969 4809 teriam
2010 4753 2251 4826 perfecte
2288 4749 2514 4822 duram,
2536 4753 2621 4804 ‘et
2647 4751 2887 4821 perfeeto
2912 4745 3168 4817 fluidam,
3220 4757 3366 4814 quoe

1768 4840 1973 4897 scilieet
2000 4837 2386 4911 imaginationi
2413 4837 2801 4906 blandiunturg
2830 4833 3119 4906 pulchrum
3146 4829 3365 4903 putavit
3446 4835 3469 4843 ⁸

107 4929 284 4985 clinem
309 4943 510 4985 rerum.
599 4930 1007 5000 Argumentum
1045 4929 1268 5004 quidem
1295 4931 1400 4988 hoe
1425 4929 1563 4987 olim
1590 4931 1682 4986 ad·
1767 4941 1841 4982 ex
1884 4941 1999 4982 uno
2038 4927 2235 4982 dueere
2260 4925 2514 4998 spiritus,
2556 4939 2629 4979 ex
2660 4925 2849 4979 altero
2872 4933 3121 4992 corpora.
3210 4915 3363 4979 Quo·

181 5115 232 5172 ι)
267 5129 340 5168 se.
374 5119 735 5166 Theomueae.

1771 5013 1942 5071 modo
1990 5011 2121 5070 inde
2166 5013 2437 5068 <ineantur
2476 5011 2731 5083 spiritus,
2784 5021 2897 5062 non
2938 5010 3024 5062 est
3072 5001 3372 5059 sollicitus..

1771 5101 1860 5160 lta
1910 5100 2156 5159 scililicet
2192 5101 2403 5174 solent,
2452 5098 2550 5173 qui
2584 5095 2927 5239 ἐιέρξήῑιεεεε
2978 5105 3103 5147 suas
3152 5092 3360 5146 amant.
