3717 5850
51 383 56 416 ‚
592 339 608 356 ·
1284 339 1377 398 v1.
1432 339 1535 397 nn
1573 337 1753 398 vrrA
1790 339 2058 400 BEATA.

3221 340 3308 411 73

118 486 221 542 xime
250 481 436 558 placuit
469 485 597 540 ante
632 481 825 540 decem
860 497 1057 556 mnes,
1096 485 1157 539 et
1183 483 1326 539 forte
1364 487 1493 556 post
1528 481 1621 539 de-
1722 483 1811 539 bis
1843 484 2132 540 veritatem
2160 487 2465 557 suaserunt,
2509 499 2644 543 mox
2683 492 2869 545 tamen
2911 483 3064 547 falsis
3103 469 3305 566 specic—

116 589 195 630 oem
230 588 385 628 annos
426 587 637 629 rursum
678 570 947 644 placebit,
998 585 1147 628 nunc
1196 571 1510 645 displioeat,
1562 575 1620 626 et

113 663 199 719 hine
218 660 445 734 quicquid
470 662 543 717 ab
569 660 859 716 hominum
888 658 1407 732 moribus-abludat,
1430 660 1619 716 statim

111 768 179 824 1¹⁰
197 750 395 806 ridiculo
418 753 581 822 atque
610 749 803 821 inepto
828 748 1108 806 habeatur.
1181 749 1360 806 Erunt
1386 748 1617 821 proinde

111 838 393 895 examimndi
440 837 721 910 sigillatim
774 838 1049 910 locorum,
1110 837 1173 893 in
1222 836 1421 909 quibus
1470 836 1617 910 degi-

110 943 207 998 mus,
224 942 397 999 moroe‚
418 930 483 982 ut
500 927 849 999 exploratum
870 926 1168 983 habeamus
1188 941 1467 998 quousque
1486 929 1615 982 sunt

109 1015 315 1087 imitandi,
352 1031 419 1070 ne
445 1030 571 1071 cum
607 1014 883 1088 agmdum
920 1014 1027 1070 erit
1066 1030 1311 1086 unquam
1348 1014 1503 1072 dubii
1543 1013 1616 1069 si-

107 1119 216 1174 mus,
235 1105 338 1160 sola
354 1104 501 1160 enim
528 1103 801 1160 dubitatio
828 1103 1225 1176 aegritudinem
1252 1106 1310 1160 et
1328 1102 1616 1176 poeniten·-

108 1192 205 1246 t'nm
226 1193 365 1265 parit.
447 1192 759 1249 Videndum
786 1196 989 1264 autem,
1018 1197 1083 1248 ut
1120 1207 1227 1248 nos
1253 1192 1616 1265 gubernemus

102 1278 219 1348 juxa
258 1280 527 1354 opiniones
576 1297 745 1354 quam
794 1280 1038 1336 maxime
1088 1281 1399 1337 moderatas
1447 1283 1505 1336 et
1541 1279 1616 1337 ab

108 1370 217 1423 omni
245 1369 571 1426 extremitate
610 1372 870 1426 remotas.
936 1367 1099 1426 Unde
1135 1369 1262 1426 aliis
1288 1384 1505 1441 quoque
1532 1367 1619 1424 in·

107 1455 343 1514 dimbimus
398 1473 512 1514 non
578 1458 791 1532 optima
841 1457 903 1513 in
960 1473 1023 1514 66
1080 1473 1147 1514 ac
1204 1457 1614 1531 perfectissima,

108 1546 173 1600 sed
192 1546 301 1619 ipsis
328 1546 631 1620 utilissima,
662 1563 729 1603 ac
762 1546 951 1619 captui
986 1546 1329 1603 audientium
1368 1561 1617 1603 accomo-

107 1632 211 1706 data,
234 1651 295 1690 ne
318 1639 526 1692 nosrnet
562 1635 715 1709 ipsos
742 1635 1149 1708 prostituamus.
1236 1635 1440 1693 Nostra
1467 1635 1618 1692 enim

106 1723 289 1779 mxime
321 1724 539 1781 interoet
581 1723 686 1794 (ad
724 1723 939 1796 aliquos
976 1728 1123 1782 certe
1160 1725 1317 1795 usus)
1359 1740 1395 1780 a
1433 1725 1615 1796 vulgo,

105 1811 189 1866 sine
203 1825 293 1883 quo
314 1812 487 1870 vivere
506 1829 625 1870 non
652 1813 941 1886 possimuS,
962 1812 1257 1870 aestimari.
1301 1813 1619 1869 Cavendum

104 1898 239 1970 etiam,
290 1917 353 1957 nc
399 1901 858 1975 promissionibus
898 1901 1059 1958 facilc
1094 1902 1258 1958 nobis
1304 1900 1620 1958 libertatem

103 1988 333 2044 mutandae
356 1995 541 2063 postea
570 1991 871 2047 voluntatis
897 1989 1221 2064 adimamus,
1252 1991 1443 2046 omnia
1470 1989 1621 2046 enim

100 2074 142 2129 in
176 2079 377 2134 mundo
396 2079 865 2136 vicissitudinibus
912 2077 1160 2136 obnoxia
1208 2083 1354 2152 sunt,
1406 2079 1489 2135 ita
1536 2083 1617 2152 ut,

101 2165 209 2234 quod
238 2166 381 2223 bodie
418 2169 714 2242 optimum,
756 2166 932 2240 brevi,
974 2171 1189 2224 mutato
1226 2183 1413 2224 rerum
1450 2171 1617 2240 statu,

99 2253 336 2323 pessimum
360 2257 573 2314 cem-i
600 2256 793 2330 possit.
883 2256 997 2312 Nec
1034 2255 1314 2328 denique
1298 2271 1357 2312 ιιι
1384 2255 1619 2358 publicis

51 2351 53 2366 ¹
101 2339 259 2440 aliquid
284 2347 575 2402 reformare
602 2349 895 2418 tentemus,
924 2344 1063 2400 ιι11ι11
1091 2345 1243 2401 6ιιίιιι
1270 2360 1307 2400 a
1336 2329 1503 2417 vulgo
1530 2361 1619 2402 ae-

98 2427 205 2498 grius
228 2433 399 2506 fertur,
430 2449 605 2506 quam
640 2450 833 2490 eorum
861 2433 1097 2490 mutatio
1134 2433 1333 2506 quibus
1359 2433 1616 2490 assuevit.

98 2516 321 2576 Caetermn
354 2526 501 2579 certo
542 2522 709 2579 nobis
748 2539 1069 2596 persuasum
1107 2539 1227 2578 esse
1268 2521 1459 2594 debet,
1498 2522 1620 2578 vias

90 2600 222 2670 Jmtas
244 2613 295 2665 et
318 2609 571 2668 honestas
598 2627 717 2667 esse
744 2611 995 2667 omnium
1032 2611 1334 2667 tutissimas
1362 2613 1420 2666 et
1446 2609 1622 2666 utilis-

95 2693 233 2767 simas,
266 2700 669 2772 maximamque
694 2699 947 2756 omnium
987 2715 1107 2756 esse
1148 2698 1426 2772 astutiam,
1468 2700 1622 2756 nulla

94 2784 247 2840 astutia
264 2786 353 2842 uti.

156 2866 218 2946 6)
250 2875 379 2933 Tam
406 2882 621 2935 amiam
662 2893 779 2934 esse
816 2875 1079 2933 unionem
1108 2875 1253 2932 inter
1292 2874 1537 2933 animam
1566 2878 1623 2933 ct

91 2974 254 3036 torpuS,
281 2970 339 3021 ιιι
360 2966 725 3041 cogitationes
763 2966 910 3038 illae,
952 2982 1093 3039 quae
1130 2965 1345 3037 aliquos
1376 2964 1621 3038 corporis

92 3056 231 3106 metm
253 3054 319 3108 ab
338 3056 561 3113 incunte
586 3060 771 3112 aetate
798 3054 1093 3111 comitatae
1118 3058 1265 3127 sunt,
1296 3054 1423 3109 illos
1450 3053 1619 3109 etiam

54 3160 67 3173 ·
94 3150 205 3193 nunc
224 3142 545 3201 confitentur.
593 3146 789 3216 ltaque
816 3143 1038 3201 eosdem
1065 3148 1265 3216 metue,
1296 3142 1369 3200 ab
1390 3147 1620 3199 externa

94 3238 355 3303 quacunque
387 3250 551 3291 causa
591 3233 656 3289 in
693 3248 923 3306 corpore
959 3232 1161 3289 iterum
1196 3232 1463 3289 excitatos
1502 3248 1620 3287 eas-

96 3312 189 3369 dem
212 3318 359 3375 etiam
384 3322 443 3379 in
468 3323 663 3379 anima
688 3322 1053 3395 cogitationes
1071 3321 1344 3395 reducere,
1376 3324 1434 3376 et
1460 3320 1620 3375 vicis-

93 3402 171 3457 sim
192 3409 385 3465 easdem
410 3411 777 3485 cogitationes
816 3414 1153 3467 recurrentes
1190 3410 1412 3465 eosdem
1450 3408 1620 3465 etiam

92 3496 233 3548 motus
256 3497 423 3555 denuo
449 3501 781 3573 produceret
810 3500 1036 3572 prodest
1062 3502 1251 3554 tamen
1282 3497 1439 3570 scire,
1470 3497 1617 3570 quod

90 3576 657 3645 lioethimotusanimi
686 3594 746 3644 et
782 3588 1027 3661 corporis
1065 3590 1264 3643 natura
1302 3591 1361 3642 et
1396 3602 1623 3642 consue·

92 3668 244 3727 tudine
266 3674 337 3731 sic
348 3676 525 3744 juncti
554 3678 687 3749 sint,
722 3692 879 3749 posse
906 3680 1093 3733 tamen
1124 3692 1221 3748 per
1247 3674 1501 3731 habitum
1540 3692 1621 3729 se·

88 3759 235 3825 lmari
258 3763 350 3817 et
328 3767 479 3841 jungi
508 3766 641 3823 aliis
670 3764 831 3821 valde
868 3764 1265 3821 differentibus,
1324 3762 1485 3819 Unde
1511 3762 1625 3817 evi-

88 3842 200 3900 dens
234 3854 319 3922 est,
344 3854 503 3911 etiam
532 3872 633 3911 eos
662 3852 829 3927 1ρ606,
862 3854 957 3935 qui
984 3851 1371 3910 imbecilliores
1409 3850 1624 3906 animas

94 3930 277 4009 hflbfflt,
311 3956 457 4012 posse
498 3944 785 4016 acquirere
826 3942 1121 4043 imperium
1158 3940 1625 3996 absolutissimum

89 4035 135 4074 ¹¹1
162 4040 327 4084 omnes
358 4048 481 4088 suas
521 4032 834 4107 passiones,
874 4031 923 4086 si
960 4032 1093 4087 satis
1132 4029 1435 4085 industriae
1472 4028 1625 4085 adhi-

90 4106 233 4169 bfflsst-
312 4119 459 4184 Quae
511 4120 645 4177 licet
694 4120 854 4175 initio
892 4118 1279 4175 molestissima
1315 4118 1621 4191 videantur,

87 4208 425 4265 musnetudine
450 4212 645 4265 tamen
686 4210 827 4265 fiunt
864 4206 1192 4264 dulcissima.
1261 4206 1411 4263 Utile
1439 4209 1627 4262 autem
1673 4220 1679 4296 Ι

1720 571 1825 628 bus
1857 573 1932 629 ab
1965 587 2032 628 ea
2063 571 2333 628 credenda
2359 573 2712 650 abducamur,
2755 577 2864 635 nisi
2903 579 3095 637 crebra
3132 581 3305 638 medi-

1722 661 1934 718 tatione
1961 660 2022 716 in
2054 660 2305 718 habitum
2331 664 2773 722 converterimus.

1890 947 2014 1015 DE
2059 947 2302 1016 ΑΝιΜι
2344 845 3129 1037 ’ἷῗιῖῗιιὲυιιιιιτιιτῆ

1724 1115 1729 1123 ·
1803 1101 2044 1158 Animi
2085 1102 2583 1174 tranquillitas
2613 1107 2697 1160 aet
2727 1103 2926 1161 mentis
2955 1107 3215 1179 gaudium
3245 1115 3303 1166 et

1718 1190 2018 1247 satistactio
2047 1191 2280 1263 interna,
2315 1192 2665 1263 producens
2647 1209 2708 1248 ιιι
2747 1194 2910 1250 nobis
2939 1209 3212 1253 summam
3238 1213 3305 1254 ac

1716 1279 2105 1335 solidissimam
2136 1269 2291 1358 vitae
2311 1283 2532 1336 nostrae
2556 1281 2912 1354 voluptatem.
3001 1285 3080 1341 Ut
3118 1292 3304 1344 autem
3335 1327 3344 1337 .

1717 1367 1990 1423 discamus
2033 1349 2173 1424 bene
2215 1367 2450 1441 dirigere
2486 1369 2866 1445 cupiditatem,
2905 1375 2976 1428 ut
3013 1374 3086 1430 ad
3113 1391 3180 1431 ea
3207 1392 3306 1449 pa·

1716 1459 1898 1512 ratam
1925 1473 1986 1512 se
2025 1456 2305 1530 extendat,
2337 1471 2480 1529 quae
2519 1458 2790 1533 efficiunt,
2835 1464 2900 1515 ut
2939 1475 3012 1518 ex
3045 1463 3305 1520 omnibus

1716 1544 1931 1600 laetitia
1975 1544 2334 1620 percipiatur,
2377 1551 2663 1618 sequentes
2715 1549 3104 1607 annotationes
3141 1557 3305 1609 erunt

1719 1633 2122 1690 observandae:

1816 1722 1874 1782 1.
1918 1722 2070 1778 Inter
2099 1738 2209 1778 res
2237 1737 2374 1794 quas
2403 1721 2806 1781 desiderare
2835 1741 3140 1800 possumus,
3175 1733 3306 1786 sunt

1719 1825 1896 1883 quae
1928 1809 2214 1868 omnino
2241 1827 2278 1866 a
2311 1810 2514 1867 nobis
2545 1811 2802 1886 pendent,
2827 1829 2968 1886 quae
2999 1815 3047 1870 si
3081 1831 3306 1874 exvera

1720 1899 1855 1955 boni
1891 1899 2204 1972 cognitione
2251 1899 2550 1973 procedant
2597 1903 2656 1956 et
2697 1901 2770 1958 ad
2817 1917 2920 1958 nos
2957 1905 3306 1978 perfectiores

1720 1988 2026 2045 reddendos
2055 1988 2275 2062 faciant,
2309 2003 2424 2044 non
2455 1995 2686 2061 possunt
2715 1989 2881 2047 nimis
2915 1992 3122 2049 fervide
3163 1993 3307 2050 deai-

1719 2077 1930 2151 derari,
1961 2094 2029 2134 eo
2072 2077 2221 2149 quod
2259 2093 2351 2151 ea,
2392 2091 2534 2149 quae
2573 2077 2645 2134 ad
2685 2079 2894 2136 bonum
2929 2083 3146 2138 tantum
3189 2085 3308 2139 ten·
3389 2111 3394 2118 ·

1720 2167 1874 2238 dunt,
1917 2180 2028 2238 quo
2070 2165 2478 2222 vehementiora
2527 2183 2594 2222 eo
2631 2167 2887 2241 meliora,
2925 2183 3010 2241 qu
3023 2187 3102 2226 ae
3138 2187 3308 2228 vero

1718 2254 1918 2310 nullo
1988 2254 2188 2310 modo
2237 2270 2272 2309 a
2324 2253 2532 2310 nobis
2585 2256 2898 2328 pendent
2955 2259 3308 2330 quantumvis

1718 2345 1870 2400 bona
1889 2347 2092 2415 queant
2111 2359 2243 2416 esse,
2266 2357 2566 2415 numquam
2601 2344 2806 2402 fervide
2834 2347 3141 2419 appetenda
3159 2351 3306 2422 sunt,

1718 2449 1835 2488 non
1867 2432 2047 2488 solum
2078 2431 2208 2504 quia
2235 2435 2465 2504 possunt
2510 2447 2624 2488 non
2663 2433 2900 2490 inveniri
2937 2439 2992 2490 et
3020 2453 3088 2491 eo
3131 2437 3310 2510 magis

1719 2519 1960 2588 cruciare
2000 2536 2110 2593 quo
2145 2519 2518 2576 vehementius
2557 2538 2626 2576 ea
2663 2523 3160 2597 concupiverimus,
3216 2542 3309 2582 ve·

1720 2625 1845 2666 rum
1885 2610 2175 2683 praecipue
2215 2609 2374 2682 quia,
2421 2611 2733 2684 occupando
2769 2615 2985 2668 nostras
3022 2613 3309 2686 cogitatio·

1720 2715 1837 2770 nen,
1869 2702 2110 2754 mentem
2138 2699 2488 2770 studiumque
2515 2702 2764 2755 nostrum
2791 2701 3066 2757 abducant
3093 2703 3167 2758 ab
3195 2702 3308 2759 illis

1721 2785 1903 2859 rebus,
1938 2801 2170 2859 quarum
2199 2786 2484 2858 acquisitio
2526 2787 2728 2860 pendet
2765 2805 2800 2844 a
2827 2789 3020 2862 nobis3
3062 2791 3310 2864 proderit

1722 2891 1941 2950 quoque
1965 2874 2070 2949 hic,
2101 2873 2149 2931 si
2179 2875 2466 2933 nobiscum
2493 2879 2822 2949 reputemus,
2864 2878 3031 2952 quod,
3063 2879 3308 2953 exceptis

1722 2964 1835 3021 illis
1862 2964 2043 3037 rebuS,
2079 2979 2214 3037 quas
2243 2965 2392 3020 Deus
2418 2982 2518 3037 per
2545 2982 2706 3021 suum
2733 2966 3008 3022 decretum
3050 2984 3089 3023 a
3115 2974 3309 3025 nostro

1722 3054 1899 3111 libero
1927 3052 2160 3109 arbitrio
2201 3052 2506 3126 dependere
2539 3054 2796 3127 voluerit,
2839 3054 3178 3130 impossibile
3216 3057 3308 3131 sit,

1721 3141 1933 3215 aliquid
1962 3142 2250 3215 provenire
2276 3141 2390 3197 alio
2420 3142 2606 3215 modo,
2637 3158 2804 3215 quam
2843 3144 2916 3201 ab
2950 3149 3174 3201 aeterno
3215 3145 3310 3202 de-

1723 3230 2042 3288 terminavit
2067 3231 2199 3289 haec
2225 3230 2586 3305 providentia,
2617 3230 2785 3304 idque
2813 3233 2963 3305 quod
2992 3234 3070 3289 sic
3103 3235 3308 3309 evenit,

1721 3319 1847 3377 ideo
1899 3319 2172 3394 optimum
2214 3337 2279 3376 ac
2324 3318 2692 3390 justissimum
2732 3338 2866 3395 esse,
2911 3321 3052 3379 adeo
3091 3327 3156 3379 ut
3185 3340 3310 3389 ⁴non

1722 3410 1930 3482 absque
1957 3408 2112 3481 gravi
2142 3426 2326 3466 errore
2352 3426 2548 3484 cupere
2577 3410 2868 3484 possimne,
2907 3414 2972 3467 ut
2998 3411 3160 3469 aliter
3187 3429 3312 3469 eve*

1721 3498 1857 3570 nist,
1901 3512 2004 3553 nec
2051 3513 2178 3554 cum
2227 3498 2308 3555 ita
2360 3499 2572 3555 accidat
2621 3498 2844 3572 tristari,
2900 3500 3076 3557 multo
3125 3500 3311 3557 minus
3410 3528 3416 3536 ,

1721 3585 2094 3658 querimonias
2131 3584 2258 3642 hinc
2307 3586 2607 3643 instituere.
2696 3588 2900 3644 Verum
2950 3588 3080 3661 quia
3131 3588 3312 3660 major

1722 3692 1849 3748 pars
1901 3673 2262 3747 cupiditatum
2311 3679 2624 3731 nostrarum
2671 3691 2730 3732 se
2783 3677 3034 3732 extendit
3081 3677 3154 3733 ad
3201 3694 3310 3750 res,

1724 3778 1865 3836 quae
1895 3765 2044 3818 totae
2071 3778 2106 3817 a
2133 3762 2296 3818 nobis
2324 3778 2440 3818 non
2465 3764 2724 3835 pendent,
2758 3780 2859 3819 nec
2887 3768 3038 3821 totae
3065 3764 3140 3821 ab
3167 3766 3309 3837 aliis,

1724 3851 1987 3907 debemus
2031 3853 2222 3905 exacte
2261 3849 2594 3923 distinguere
2620 3851 2682 3905 in
2721 3850 2830 3906 illis
2869 3852 2926 3907 id
2940 3892 2956 3923 ,
3001 3853 3150 3923 quod
3194 3868 3312 3909 non

1724 3939 1833 3997 nisi
1862 3956 1897 3996 a
1927 3938 2090 3995 nobis
2118 3936 2337 4012 pendet,
2374 3942 2436 3995 ut
2479 3938 2550 3995 ad
2589 3938 2648 3995 id
2680 3939 2858 3995 solum
2886 3943 3134 3996 nostram
3161 3942 3314 4015 cupi-

1726 4029 1956 4085 ditatem
2007 4027 2413 4101 protendamus.
2502 4028 2576 4083 Et
2623 4028 2806 4099 quoad
2855 4028 3151 4103 residuum,
3209 4030 3314 4087 etsi

1726 4115 1845 4187 ejus
1873 4132 2178 4173 successum
2204 4133 2422 4173 censere
2450 4116 2746 4173 debeamus
2779 4118 3002 4174 fatalem
3029 4122 3087 4175 et
3115 4118 3314 4176 immu-

1728 4205 1973 4279 tabilem,
2017 4222 2118 4262 nec
2161 4205 2304 4262 circa
2342 4206 2480 4261 illud
2517 4222 2578 4261 se
2614 4210 2843 4279 occupet
2879 4211 3070 4263 nostra
3107 4206 3315 4281 cupidi·-

88 4285 179 4360 Θήὲ,
205 4308 353 4365 quam
380 4298 477 4353 diu
504 4298 677 4353 nullis
706 4296 1051 4371 passionibus
1092 4296 1379 4369 agitamur,
1418 4300 1483 4351 ut
1522 4310 1625 4350 nos
1674 4319 1679 4342 ·
1728 4300 1841 4367 tas3
1872 4294 2300 4351 considerandae
2327 4298 2514 4351 tamen
2543 4299 2674 4351 sunt
2703 4296 2960 4369 rationes,
3001 4312 3078 4352 ex
3112 4291 3315 4369 quibus

88 4371 201 4445 31³⁸oe
236 4398 581 4442 exer-ommno
624 4386 684 4441 in
714 4385 1123 4443 considerandis
1151 4385 1315 4441 bonis
1344 4387 1401 4440 et
1440 4384 1621 4455 malis,
1673 4345 1679 4446 ἕ
1728 4384 1849 4456 plus
1877 4383 1966 4439 vel
1993 4383 2176 4440 minus
2203 4384 2411 4457 sperari
2439 4384 2612 4457 possit
2639 4388 2702 4440 ut
2741 4385 3042 4441 inserviant
3079 4384 3317 4459 dirigen-

88 4474 192 4533 qme
214 4473 325 4528 toto
350 4474 502 4530 vitae
528 4478 753 4531 nostrae
782 4490 943 4531 eursu
970 4474 1135 4530 nobis
1151 4534 1157 4539 ,
1175 4473 1460 4545 obtingere
1504 4488 1627 4546 pos-

1727 4473 1813 4529 dis
1850 4472 2056 4529 nostris
2098 4472 2406 4529 actionibus
2420 4490 2446 4544 3·
2477 4475 2643 4544 atque
2681 4471 2760 4529 sic
2803 4475 2883 4548 fit,
2927 4478 3008 4547 ut,
3053 4474 3317 4546 quoniam

88 4562 193 4627 emt,
232 4558 552 4635 justumque
600 4578 791 4621 eorum
846 4563 1081 4636 pretium
1136 4563 1517 4635 ponderemuS,
1564 4564 1629 4616 ιιι
1728 4560 2126 4619 desideriorum
2153 4564 2467 4618 nostrorum
2494 4562 2744 4634 impletio
2782 4578 2898 4617 non
2941 4560 3051 4618 nisi
3091 4575 3128 4617 a
3153 4562 3316 4621 nobis

89 4637 287 4720 deinceps
318 4651 387 4707 de
418 4652 535 4707 illis
574 4652 751 4709 solida
776 4651 989 4721 judicia
1022 4654 1335 4723 fonnemuS,
1376 4650 1627 4705 firmiter-

1728 4650 1947 4723 pendet,
1989 4666 2203 4721 semper
2249 4650 2416 4708 nobis
2455 4651 2678 4724 plenam
2714 4651 3143 4708 satisfactionem
3185 4652 3318 4709 dare

88 4740 165 4797 (1⁰0
194 4740 485 4795 statuamus
539 4740 672 4797 haec
716 4742 903 4813 ingere
946 4744 1005 4797 et
1044 4740 1143 4797 illa
1184 4754 1469 4813 quaerere,
1514 4754 1629 4794 non
1676 4745 1682 4806 1
1731 4738 1959 4812 possint.

90 4814 383 4883 obstantibus
436 4828 869 4901 cogitationibus
932 4832 1029 4884 aut
1092 4828 1399 4885 rationibus
1452 4827 1627 4899 novis,

86 4918 189 4975 ‘1⁰³³
240 4918 521 4986 passiones
586 4918 747 4975 nobis
812 4933 1096 4990 suggerere
1154 4922 1397 4991 possunt.
1488 4916 1632 4982 Quia

86 4996 202 5053 fflim
242 5020 353 5061 non
406 5022 702 5079 possumus
756 5006 828 5063 ad
878 5020 1050 5063 unum
1099 5008 1157 5061 et
1194 5006 1341 5063 idem
1384 5000 1632 5063 animum

84 5094 301 5159 perpetuo
356 5095 675 5169 advertere,
740 5095 869 5152 hinc
922 5095 985 5151 tit
1040 5098 1103 5151 ut
1153 5098 1634 5168 quantumcunque

84 5170 229 5233 elatae
252 5186 305 5237 et
329 5182 617 5241 evidentes
646 5185 781 5241 fiant
806 5184 1049 5242 rationes
1077 5200 1219 5258 quae
1260 5183 1503 5256 aliquam
1535 5200 1635 5239 no-

1824 4827 1882 4882 2.
1927 4825 2201 4900 Sapientis
2237 4844 2374 4901 esse,
2415 4842 2476 4883 se
2523 4828 2852 4884 fortunae
2901 4827 3198 4901 imperio
3241 4828 3321 4885 ita

1736 4916 2126 4973 subducere
2152 4918 2231 4989 ut,
2269 4916 2398 4972 licet
2423 4915 2536 4971 illis
2568 4932 2710 4989 quae
2737 4932 2856 4971 sese
2893 4916 3134 4973 offerunt
3169 4928 3320 4973 'eom-

1735 5004 1916 5062 modis
1955 5004 2346 5107 amplectendis
2385 5020 2500 5061 non
2541 5004 2696 5081 desit,
2739 5008 2926 5061 tamen
2965 5008 3123 5079 putet
3159 5002 3322 5059 mini·

1736 5110 1827 5150 me
1854 5111 1914 5149 se
1942 5092 2217 5149 infecilem
2246 5093 2295 5148 61
2324 5094 2675 5165 denegentur,
2715 5097 2882 5165 atque
2909 5093 2978 5147 116
3017 5092 3321 5149 resistendo

1736 5185 1831 5240 aut
1858 5180 2228 5257 permittendo
2259 5181 2463 5255 duplici
2492 5183 2702 5239 fruetur
2730 5182 3014 5253 voluptate
3041 5179 3324 5254 magisque

2594 5270 2671 5325 10
