3717 5850
345 352 480 422 728

351 586 744 663 pucha-ur.

351 761 590 823 antiae
627 774 744 817 non
783 763 996 832 necat,
1037 762 1228 815 tamen
1269 772 1470 815 omnes
1507 756 1765 813 homines
1785 753 1951 828 proni

351 854 514 909 eruut
539 845 1034 921 adjudicandum,
1059 862 1296 920 corpora
1323 860 1443 903 csse
1471 844 1863 919 substautias,
1890 846 1955 899 ut

353 954 508 999 omes
539 938 700 1013 proni
729 941 858 993 sunt
881 936 955 992 ad
968 934 1351 1031 judicandum,
1381 934 1641 991 tellurem
1660 932 1955 1008 quiescere,

352 1030 458 1087 etsi
487 1042 680 1084 revera
693 1026 1008 1083 Nmoveatur

401 1115 858 1189 ·Propositioues
905 1130 946 1171 a
993 1111 1320 1186 Praeposito
1371 1109 1614 1181 generali
1663 1110 1955 1168 'rambu-

351 1204 516 1263 rino
566 1204 908 1278 prohibitas
925 1202 1064 1259 mihi
1100 1218 1140 1257 a
1169 1206 1226 1257 te
1253 1196 1648 1257 communiemi
1686 1215 1800 1257 nou
1841 1214 1957 1256 me-

355 1292 536 1368 mini,
529 1294 646 1351 bae
669 1291 810 1365 qaas
837 1302 985 1349 nune
1013 1288 1405 1361 communicas,
1437 1289 1694 1346 videntur
1719 1288 1959 1345 θεειο-

354 1383 464 1439 sio
483 1382 826 1455 oppositae,
860 1383 920 1435 et
945 1378 1086 1435 mihi
1113 1378 1248 1435 satis
1273 1378 1604 1451 probantur.
1692 1376 1957 1444 Quintam

353 1470 546 1544 ponis,
573 1474 829 1543 quartam
859 1467 1114 1525 omisisti.
1205 1466 1414 1523 Omnes
1441 1466 1708 1523 nanscisci
1738 1471 1958 1539 gratum

353 1558 476 1615 erit.
563 1558 991 1614 'Honoratus
1049 1555 1358 1613 Fabi-ius
1413 1555 1474 1612 iu
1530 1551 1768 1628 epistola
1823 1568 1957 1627 qua·

295 1638 302 1646 ’
353 1646 486 1703 dam
519 1646 678 1703 edita
717 1645 990 1703 recensuit
1013 1643 1356 1719 prohibitas,
1400 1647 1530 1701 tuuc
1555 1658 1683 1701 cum
1709 1643 1958 1717 ipse-fio—

356 1738 520 1791 reret.

439 1820 569 1878 Non
597 1819 788 1878 stede
844 1823 1090 1891 systema
1117 1836 1240 1876 esse
1267 1818 1562 1894 possibile,
1611 1819 1670 1875 iu
1697 1832 1811 1892 quo
1836 1832 1959 1875 mo·

351 1910 526 1969 uades
559 1909 624 1966 iu
661 1924 722 1966 se
747 1908 987 1965 invicem
1025 1912 1195 1979 agant
1235 1909 1366 1981 quia
1394 1924 1510 1964 nou
1538 1908 1756 1963 videtur
1781 1906 1959 1980 possi

352 1998 484 2055 bilis
509 1998 824 2072 explicandi
852 1994 1069 2053 modin.
1155 1994 1354 2069 Addo,
1385 2001 1443 2051 et
1471 1996 1804 2070 superfluum
1833 2010 1957 2051 esse

353 2084 655 2159 ἰιιιιιιιιιιιιι,
697 2102 798 2143 cur
827 2087 980 2141 enim
1009 2082 1104 2140 det
1153 2098 1348 2141 monas
1389 2084 1616 2141 monadi
1653 2082 1802 2155 quod
1833 2082 1959 2153 jam

355 2172 563 2231 habeti
651 2174 864 2245 Nempe
901 2174 1033 2229 haec
1073 2172 1194 2245 ipsa
1222 2176 1421 2228 natura
1479 2172 1820 2228 substantiae
1847 2174 1953 2245 est,

353 2262 418 2317 ut
450 2260 723 2334 praesens
753 2261 830 2315 sit
873 2258 1160 2329 gravidum
1200 2261 1390 2317 futuro
1429 2263 1488 2315 et
1530 2263 1593 2316 ut
1619 2274 1695 2315 ex
1723 2274 1838 2316 uno
1868 2260 1953 2317 iu-

355 2348 534 2421 telligi
573 2348 790 2421 possint
818 2348 1036 2421 omnia,
1081 2348 1276 2405 saltem
1303 2348 1365 2405 ni
1394 2348 1546 2405 Deus
1571 2347 1842 2406 miraculo
1870 2348 1957 2405 in·

355 2436 616 2493 tet-cedat.

445 2524 537 2581 Ad
563 2521 985 2579 simititudinem
1013 2527 1190 2593 tuam,
1220 2466 1400 2580 fateor
1431 2519 1632 2593 majori
1653 2528 1774 2581 arte
1793 2536 1957 2593 agere

355 2610 745 2686 Architeetum‚
775 2610 870 2683 qui
897 2610 1108 2683 lapides
1137 2616 1286 2668 recte
1314 2614 1628 2686 componat,
1660 2624 1830 2685 quam
1857 2612 1955 2685 qui

355 2699 566 2774 lapides
608 2702 725 2755 tam
763 2698 958 2756 doctos
983 2699 1208 2756 aliunde
1235 2706 1426 2757 nactus
1454 2700 1557 2773 sit,
1608 2704 1674 2758 ut
1700 2699 1809 2773 ipsi
1832 2704 1955 2757 tan-

355 2792 477 2845 tum
501 2787 868 2861 comportati,
907 2792 1081 2845 semet
1117 2790 1180 2843 in
1209 2789 1462 2845 ordinem
1490 2788 1759 2862 redigant.
1845 2786 1953 2846 Sed

355 2874 602 2934 vicissim
637 2875 804 2933 credo
844 2874 1103 2932 intinities
1141 2876 1581 2935 artificiosiorem
1609 2879 1730 2934 fore
1757 2876 1953 2935 Archi·

356 2968 578 3038 tectum,
609 2966 704 3036 qui
733 2963 946 3037 lapides
975 2969 1090 3021 tam
1120 2964 1312 3022 doctos
1331 2967 1614 3030 ,fabricare
1641 2965 1838 3041 possit.

444 3053 622 3111 Addis
660 3065 766 3126 pro
795 3053 1070 3110 auctario:
1114 3053 1378 3110 monades
1394 3096 1411 3129 ,
1454 3071 1596 3128 quae
1623 3071 1696 3111 ex
1723 3053 1954 3128 proprio

355 3155 502 3213 penu
541 3140 780 3198 habeant
811 3137 1270 3216 modificationes,
1299 3142 1432 3216 poni
1462 3145 1660 3218 gratis,
1692 3147 1754 3200 ut
1782 3141 1955 3216 gratis

353 3229 583 3302 ponitur
631 3231 784 3286 calor
831 3243 998 3300 agens
1040 3231 1164 3288 sine
1201 3229 1590 3290 mechanismo.
1675 3229 1802 3287 Hoe
1838 3247 1955 3288 non

353 3318 661 3375 sumariam
681 3323 818 3392 est,
860 3317 956 3375 sed
999 3319 1360 3398 primarium3
1403 3323 1462 3376 et
1491 3324 1563 3376 ut
1601 3317 1772 3376 sentis
1789 3318 1955 3376 nobis

355 3405 428 3462 ad
475 3405 640 3464 initia
687 3407 1024 3464 redeundum
1073 3413 1157 3465 est
1207 3409 1364 3482 quasi
1413 3407 1551 3464 nibil
1592 3407 1954 3479 scripsissem.

353 3493 646 3551 (laetarum
695 3495 964 3552 monades
1015 3498 1204 3554 omnia
1255 3509 1328 3552 cx
1377 3510 1524 3569 penu
1573 3511 1678 3551 suo
1727 3495 1951 3570 ducunt,

355 3595 472 3642 non
521 3586 586 3639 ιιι
626 3583 786 3640 calor
833 3583 1188 3644 scholasticus
1241 3597 1370 3640 suos
1410 3583 1632 3641 effeetus
1675 3583 1951 3658 producit,

359 3667 458 3726 sed
495 3670 870 3730 mechanismo
909 3672 1152 3745 quodam
1192 3672 1468 3728 eminente
1485 3711 1503 3745 ,
1553 3676 1618 3729 ut
1645 3673 1724 3730 sic
1751 3672 1951 3745 dicam,

355 3757 454 3832 qui
492 3758 912 3817 fundamentum
949 3762 1032 3815 est
1044 3796 1061 3831 ,
1100 3763 1160 3814 et
1197 3760 1570 3817 conceutratio
1597 3760 1954 3818 mechanismi

355 3846 623 3921 corporei,
655 3847 736 3903 ita
765 3852 828 3903 ut
855 3845 1081 3922 modus,
1113 3861 1224 3920 quo
1253 3863 1426 3905 unum
1453 3863 1533 3906 ex
1557 3850 1744 3922 aliquo
1774 3849 1954 3922 sequi-

355 3937 464 4008 tur,
493 3933 759 4008 explicari
783 3934 975 4008 possit.

441 4020 594 4080 Haec
633 4021 835 4078 merito
875 4021 1166 4096 praemisi,
1206 4037 1338 4079 nam
1379 4023 1429 4080 si
1467 4023 1650 4080 nullae
1679 4017 1957 4082 suut'mo-

313 4163 328 4170 -
353 4108 524 4166 uades
575 4109 766 4184 quales
813 4104 1097 4184 eoneipio‘,
1150 4111 1352 4167 frustra
1393 4111 1464 4168 de
1503 4117 1708 4169 earum*
1735 4112 1954 4170 vinculo

353 4195 736 4256 deliberamus.
811 4197 974 4256 Nunc
1013 4198 1086 4256 ad
1115 4201 1493 4272 quaestionem
1534 4200 1727 4274 venio,
1767 4203 1955 4258 utrum

355 4284 462 4340 hoc
509 4283 824 4361 vinculum,
877 4287 926 4344 si
959 4287 1132 4344 ‘datur
1145 4329 1161 4362 ,
1215 4288 1291 4345 sit
1327 4287 1535 4361 aliquid
1573 4288 1954 4345 substantiale.

357 4369 444 4429 lta
471 4372 606 4428 mibi
639 4374 818 4432 visum
847 4379 958 4451 est,
1001 4379 1058 4432 et
1085 4377 1291 4449 alioqui
1319 4377 1515 4433 inutile
1545 4376 1766 4450 judico,
1818 4393 1955 4450 quo-

355 4457 524 4517 modo
571 4459 719 4518 enim
768 4463 908 4522 alias
958 4463 1322 4522 substantiam
1363 4465 1730 4539 compositam
1770 4466 1951 4540 saciet,

279 4601 290 4606 -
352 4546 508 4618 enjus
535 4548 714 4622 gratia
741 4551 898 4608 uniee
914 4551 1317 4611 introducitur?
1360 4541 1463 4611 Sed
1493 4553 1692 4624 objicis
1718 4554 1955 4629 primo

353 4650 472 4694 non
499 4637 976 4714 esseprlneipinm
1003 4643 1258 4718 aetionis,
1287 4657 1414 4700 eum
1442 4645 1516 4700 sit
1544 4643 1724 4700 instar
1748 4643 1948 4703 Echus.

353 4725 686 4801 Respondes
723 4728 921 4787 etiaim
1011 4731 1160 4792 Eeho
1197 4731 1431 4814 reddens
1481 4737 1566 4788 est
1616 4733 1950 4806 principium

352 4815 599 4874 actionis.
689 4817 812 4876 Hoc
853 4819 1128 4876 vinculum
1167 4819 1275 4876 erit
1314 4819 1644 4896 principium
1674 4821 1950 4878 actionem

352 4903 692 4962 substantiae
719 4907 1090 4980 compositae3
1119 4910 1177 4963 et
1203 4907 1300 4980 qui
1329 4922 1454 4965 eam
1483 4908 1728 4966 admittit
1755 4911 1848 4979 (ut
1872 4913 1946 4967 fa·

349 4991 427 5048 cit
453 4995 516 5049 ui
545 4993 712 5052 fallor
739 4996 922 5052 omnis
951 4991 1182 5068 sdiola)
1212 4995 1382 5053 etiam
1412 4996 1514 5054 hoe
1547 4997 1824 5055 vinculum
1852 4999 1951 5056 ad·

350 5077 548 5137 mittet.
637 5081 842 5140 Nonne
877 5083 1066 5142 sehola
1105 5085 1364 5143 haetenus
1402 5085 1671 5159 principia
1699 5087 1955 5146 substan-

349 5163 505 5224 tialia
532 5171 826 5246 compositi
855 5187 1027 5232 unum
1055 5189 1155 5251 per
1183 5189 1244 5232 se
1268 5175 1669 5252 constituentia,
1701 5177 1950 5254 agnovit,

1996 1084 1998 1087 Α
2041 1024 2133 1077 ter
2166 1032 2420 1076 connexa
2456 1020 2543 1073 est
2578 1017 2666 1089 ei,
2706 1014 2865 1085 euius
2894 1018 2981 1071 est
3006 1012 3363 1073 modificatio.

1267 339 2887 411 ..·xmLADDEsnossEsmsr0LAxxan

1932 488 1947 503 ·
2032 504 2135 563 per
2174 502 2316 632 qaeuoe
2364 489 2555 561 partes
2580 482 2887 608 unianturi
2974 481 3089 541 Oui·
3138 498 3277 557 ergo
3324 485 3515 545 nobis
3566 500 3675 542 ue·

1928 604 1951 623 ο
1996 620 1998 625 .
2034 580 2188 649 garet

351 668 1062 752 poeasiuituibstantbsi
1147 668 1492 727 Heeteuim
1539 682 1776 740 corpora
1821 665 1955 723 sub-
1996 666 2001 739 ζ

2036 757 2188 828 ess‘e,
2229 752 2379 825 quod
2416 750 2783 809 substantiale
2812 761 2923 805 non
2952 747 3045 805 sit.
3133 748 3240 805 Hic
3266 750 3424 807 forte
3453 750 3533 805 de
3562 768 3663 807 no-

2122 665 2227 723 Ais
2266 678 2381 721 non
2420 660 2612 719 videre
2640 664 2699 717 te
2713 698 2731 735 ,
2772 674 2870 717 eur
2902 674 3017 717 nou
3044 659 3221 735 pessit
3248 659 3481 733 aliquid
3512 663 3667 719 reah
3696 622 3699 703 Ῑ

2038 843 2187 900 mine
2214 840 2509 915 litigamus.
2600 839 2789 895 Potest
2814 836 3173 894 substantiale
3198 837 3342 913 dici,
3388 838 3665 911 quicquid
3697 864 3698 873 ¹

2040 929 2375 989 modificatio
2426 944 2543 986 nou
2582 931 2667 983 est
2679 938 2697 999 3
2741 924 3081 983 modificatio
3119 930 3311 983 autem
3338 928 3667 983 essentiali-

2040 1107 2381 1167 modificatio
2428 1120 2541 1163 non
2588 1108 2779 1179 potest
2824 1118 2945 1160 esse
2990 1102 3113 1159 sine
3148 1102 3441 1177 subjecto,
3504 1106 3698 1191 verm

2042 1198 2241 1271 gratia,
2272 1196 2445 1253 sessio
2472 1195 2591 1252 sine
2621 1193 2871 1251 sedente:
2910 1196 3096 1266 potest
3121 1194 3308 1251 tumen
3338 1192 3531 1249 etiam
3560 1194 3671 1249 ali·

2042 1292 2131 1344 ter
2160 1285 2521 1343 substantiale
2562 1282 2807 1357 donini-i,
2856 1286 2921 1339 ιιι
2958 1281 3035 1339 sit
3074 1282 3233 1337 fons
3272 1280 3673 1339 modifica-

2042 1376 2327 1433 tionum.
2416 1374 2539 1430 Hoc
2565 1373 2751 1446 posito
2778 1368 2970 1444 quaeri
3000 1374 3219 1443 potest,
3244 1385 3319 1427 au
3348 1370 3545 1443 possit
3576 1388 3669 1427 res

2042 1464 2195 1539 dari,
2238 1449 2381 1537 quae
2419 1477 2597 1535 neque
2634 1461 2711 1517 sit
2737 1458 3103 1535 modificatio,
3144 1472 3325 1531 neque
3366 1458 3511 1515 som
3540 1474 3665 1515 mo-

2044 1553 2418 1610 dificationem
2432 1592 2450 1628 ,
2502 1548 2690 1625 qualia
2739 1547 3042 1606 assidentia
3088 1546 3417 1607 Scholastiei
3472 1548 3667 1605 eond-

2044 1642 2207 1715 piunt
2218 1682 2235 1715 ,
2290 1656 2433 1713 quae
2483 1638 2674 1696 dicunt
2722 1654 2844 1693 esse
2894 1636 3217 1693 naturaliter
3264 1630 3328 1691 in
3372 1635 3663 1711 subjecto,

2042 1744 2160 1787 nou
2201 1733 2388 1786 tamen
2426 1727 2789 1783 essentialiter
2812 1764 2830 1798 ,
2878 1738 3007 1783 cum
3048 1740 3145 1797 pa
3180 1723 3513 1781 absuntam
3552 1728 3669 1782 Dei

2040 1818 2348 1891 potentiam
2376 1817 2592 1891 possint
2618 1832 2739 1871 esse
2766 1816 2887 1871 sine
2913 1811 3183 1888 subiecto.
3250 1812 3365 1868 Sed
3398 1814 3665 1871 noudum
3694 1730 3699 1929 ἑ

2043 1906 2211 1963 video
2248 1904 2531 1979 quomodo
2566 1904 2683 1960 tale
2710 1902 2845 1976 quid
2887 1901 3152 1974 explicari
3190 1901 3405 1975 possit,
3441 1903 3513 1958 -si
3554 1904 3661 1959 dir-

2046 1996 2155 2052 fert
2193 2010 2229 2051 a
2268 2010 2396 2052 meo
2446 1993 2667 2050 vinculo
2708 1989 3053 2049 substantiali
3072 2030 3089 2065 ,
3138 1988 3292 2062 quod
3340 2006 3551 2047 revera
3603 1992 3657 2047 in
3697 1990 3698 2017 ¹

2043 2082 2293 2157 subiecto
2318 2087 2435 2157 est,
2468 2086 2799 2140 non-tamen
2827 2084 2891 2135 ut
2918 2078 3195 2151 accidens,
3238 2076 3340 2134 sed
3370 2082 3445 2134 ut
3473 2080 3656 2136 torma

2043 2172 2451 2245 substantiane,
2488 2170 2639 2245 apud
2670 2168 2915 2225 scholam
2928 2206 2946 2239 ,
2990 2183 3088 2223 seu
3116 2169 3181 2223 ut
3208 2166 3337 2222 fons
3366 2168 3651 2224 modifica·

2042 2260 2274 2335 tionum,
2306 2261 2434 2317 licet
2461 2274 2563 2333 per
2588 2258 2818 2315 modum
2847 2254 3049 2311 Eehus.
3130 2252 3327 2327 Itaque
3354 2256 3557 2313 neseio
3584 2272 3655 2312 aa
3697 2314 3698 2317 ,

2040 2347 2201 2406 detur
2227 2348 2478 2407 accidens
2514 2344 3018 2419 praedicamentale
3172 2344 3187 2355 ⁶
3363 2344 3378 2356 ·
3444 2343 3459 2357 ·

2040 2452 2077 2492 a
2105 2435 2385 2510 subiecto,
2438 2434 2587 2509 quod
2618 2450 2731 2493 non
2762 2435 2837 2489 sit
2864 2431 3117 2489 accidens
3146 2430 3563 2504 praedicabile3
3604 2440 3653 2489 et

2040 2540 2113 2581 au
2142 2524 2303 2581 detur
2330 2524 2580 2581 accidens
2608 2520 3003 2598 praedicabile,
3044 2520 3194 2593 quod
3220 2536 3337 2578 uon
3368 2524 3449 2577 sit
3478 2522 3651 2578 modi·
3697 2548 3698 2553 1

2040 2613 2252 2689 bestie,
2280 2612 2745 2685 quemadmodum
2768 2608 2889 2679 jam
2918 2608 3185 2683 dubitavi,
3216 2624 3294 2665 an
3322 2610 3495 2667 detur
3520 2612 3647 2667 acei-
3696 2558 3698 2669 ἱ

2038 2700 2175 2758 dens
2211 2700 2705 2775 praedicamentale
2746 2700 3065 2755 distinctum
3108 2712 3143 2753 a
3172 2697 3465 2773 subjecto,
3506 2700 3647 2773 quod
3697 2734 3698 2739 κ

2036 2789 2375 2846 modificatio
2425 2804 2537 2846 nou
2588 2790 2680 2844 sit.
2768 2786 2889 2843 Nisi
2941 2785 3067 2859 quis
3104 2784 3238 2841 velit
3280 2786 3647 2844 substantiale

2038 2878 2331 2952 compositi
2368 2876 2621 2935 accidens
2658 2876 2771 2933 tale
2808 2876 3015 2949 facere,
3060 2873 3191 2946 quia
3228 2888 3347 2932 non
3390 2881 3485 2933 est
3532 2879 3649 2935 fem

2039 2967 2373 3041 primitivus,
2403 2967 2501 3023 sed
2530 2965 2697 3023 Eeho,
2784 2963 2894 3020 Sed
2932 2963 3014 3019 ita
3050 2964 3239 3020 neseio
3265 2979 3339 3021 an
3370 2967 3649 3022 sustinere

2038 3055 2309 3129 possimus
2349 3055 2717 3112 substantiam
2744 3051 3039 3126 compositi
3052 3092 3070 3125 ,
3112 3050 3222 3108 nisi
3252 3054 3507 3111 velimus
3534 3071 3649 3112 eam

2037 3143 2305 3200 resultare
2332 3159 2406 3200 ex
2433 3141 2827 3200 accidentibus.
2868 3139 3165 3206 Quomodo
3190 3155 3329 3220 vero
3356 3147 3504 3199 tunc
3534 3159 3647 3218 pos·

2036 3232 2115 3288 sit
2152 3231 2377 3296 &vobis
2404 3226 2669 3305 explicari
2697 3245 2813 3286 non
2842 3227 3025 3286 video.
3111 3229 3313 3286 Malim
3340 3247 3493 3302 ergo
3526 3232 3643 3304 dici,

2040 3335 2327 3394 superesse
2350 3319 2577 3394 quidem
2604 3333 2719 3375 uon
2750 3317 3111 3391 substautias,
3141 3317 3239 3374 sed
3268 3321 3501 3393 speeies
3514 3363 3535 3396 ,
3566 3336 3645 3376 eas

2040 3413 2224 3465 autem
2254 3423 2365 3466 nou
2394 3425 2517 3465 esse
2544 3407 2841 3480 illusorias,
2875 3410 2937 3464 ut
2962 3409 3239 3463 somnium
3252 3448 3269 3479 ,
3304 3413 3409 3465 aut
3442 3415 3513 3466 ut
3542 3409 3643 3480 gls-

2039 3496 2163 3553 dius
2198 3513 2272 3553 ex
2311 3499 2534 3572 speculo
2572 3510 2818 3554 concavo
2852 3495 2914 3551 in
2956 3511 3060 3551 uos
3096 3501 3417 3570 porrectus,
3464 3503 3569 3555 aut
3596 3505 3645 3553 ut

2040 3585 2251 3642 Doctor
2300 3585 2601 3644 Faustus
2660 3582 2990 3641 comedebat
3038 3597 3261 3640 currum
3314 3586 3501 3643 foeno
3546 3587 3649 3660 ple

2038 3687 2191 3746 num,
2228 3673 2324 3730 sed
2352 3691 2484 3730 vera
2512 3674 2911 3748 phaenomena,
2940 3671 2999 3728 id
3026 3675 3113 3727 est
3142 3687 3211 3730 eo
3238 3687 3409 3729 sensu
3444 3680 3513 3731 ut
3534 3675 3647 3748 Iris,

2038 3761 2127 3818 vel
2155 3761 2433 3819 Parelium
2462 3767 2547 3820 est
2571 3762 2811 3836 species,
2842 3761 2995 3834 imo,
3028 3764 3091 3817 ut
3119 3761 3429 3820 seeundum
3464 3763 3647 3820 Carte-

2038 3850 2241 3925 sianoS,
2270 3853 2327 3906 et
2356 3851 2649 3907 secundum
2678 3849 2989 3922 veritatem,
3018 3850 3231 3906 colores
3259 3855 3389 3907 sunt
3413 3851 3645 3925 species.

2040 3937 2113 3994 Et
2162 3941 2345 4012 potest
2394 3939 2504 3995 dici
2552 3939 2703 3996 entia
2754 3938 3093 4010 composita,
3155 3953 3299 4010 quae
3348 3956 3473 3996 non
3526 3943 3645 3996 sunt

2040 4041 2214 4084 uuum
2243 4043 2342 4100 per
2370 4043 2462 4103 se,
2492 4043 2589 4084 seu
2620 4026 2843 4083 vinculo
2870 4026 3225 4083 substantiali
3254 4019 3413 4104 (sive
3446 4033 3516 4085 ut
3544 4027 3643 4082 Al·

2042 4119 2248 4172 fenus
2275 4116 2489 4173 Jctus·
2472 4132 2533 4171 ιιι
2560 4114 2807 4189 digestis,
2838 4129 2997 4172 more
3022 4115 3350 4190 Stoicorum,
3365 4115 3637 4190 loquitur)

2041 4219 2151 4261 uuo
2178 4203 2375 4276 spiritu
2406 4219 2519 4261 non
2546 4203 2916 4278 eontinentur,
2945 4219 3063 4259 esse
3088 4203 3415 4276 sementia,
3458 4219 3698 4276 aggre-

2041 4296 2171 4364 gata
2210 4291 2639 4350 substantiarum
2666 4291 3031 4366 simplicium,
3070 4295 3135 4348 ut
3162 4293 3515 4366 exercitum,
3557 4289 3635 4348 vel
3697 4277 3698 4342 l

2041 4395 2296 4437 acervum
2358 4379 2608 4455 lapidum
2672 4397 2793 4436 esse
2852 4380 3351 4438 semisubstautias·
3334 4421 3352 4453 ,
3403 4383 3633 4452 colores,
3697 4383 3698 4422 l

2042 4470 2239 4527 odores
2253 4510 2271 4544 ,
2323 4485 2548 4543 sapores
2598 4473 2699 4526 ete.
2756 4485 2875 4526 esse
2925 4469 3389 4527 semiaccidentia.
3498 4469 3633 4524 Haec
3697 4525 3698 4528 ,

2037 4559 2233 4616 omnia
2268 4558 2317 4614 si
2358 4559 2511 4616 solae
2548 4561 2729 4614 essent
2757 4556 3051 4631 monades,
3094 4557 3217 4614 sine
3244 4555 3487 4614 vinculis
3514 4555 3629 4613 sub-

2036 4645 2407 4720 stantialibus,
2438 4648 2626 4704 rorent
2654 4661 2809 4702 mera
2836 4647 3245 4721 phaenomena,
3276 4647 3379 4704 etsi
3406 4659 3563 4702 vera.

2123 4736 2299 4793 Porro
2326 4735 2433 4792 hoc
2460 4735 2679 4810 ipsum:
2722 4735 3047 4792 monades
3084 4735 3343 4794 babere
3384 4735 3477 4790 vel
3504 4732 3626 4790 tales
3697 4729 3698 4792 ζ

2034 4823 2239 4882 habere
2279 4824 2570 4899 monades,
2612 4827 2697 4882 est
2736 4824 2987 4881 naturale
3014 4823 3269 4897 quidem,
3306 4839 3423 4880 nou
3452 4827 3626 4878 tamen
3697 4825 3698 4828 ’

2034 4913 2352 4987 essentiale,
2392 4914 2494 4971 sed
2530 4913 2865 4971 accidentale
2904 4912 3245 4969 substantiae
3280 4911 3622 4985 compositae.

2036 5001 2182 5060 Nam
2210 5003 2330 5059 fieri
2358 4983 2573 5078 potest,
2606 5007 2671 5060 ut
2710 5017 2811 5076 per
2848 5001 3163 5058 absolutam
3192 5001 3299 5058 Dei
3327 4999 3621 5075 potentiam

2034 5096 2208 5148 cesset
2248 5107 2371 5148 csse
2400 5091 2550 5148 [flebo
2562 5131 2581 5166 ,
2634 5095 2692 5149 et
2720 5091 2989 5147 Monades
3030 5089 3103 5146 ab
3142 5089 3263 5165 ipsa
3296 5091 3616 5162 separmtm.
3697 5147 3698 5150 ,

2037 5179 2227 5252 Itaque
2255 5180 2305 5238 si
2334 5179 2635 5240 secundum
2656 5180 2984 5253 hypotheses
3011 5182 3241 5254 vestras,
3268 5177 3487 5236 vincula
3506 5173 3616 5232 sab·
