3717 5850
393 328 528 403 462

1157 334 1338 397 Lxx
1418 334 1524 393 AD
1565 336 1704 395 oss
1743 334 1993 393 808st
2039 330 2437 391 armenas
2478 328 2639 389 xm.
2664 333 2726 387 et
2746 288 2910 389 'xm

395 484 732 565 praescripta
757 480 1060 541 eruditione
1097 478 1321 555 obtulit,
1363 478 1670 537 videbimus
1708 493 1820 551 quo
1859 492 1977 533 suc·
2056 478 2177 547 tas,
2228 472 2509 531 hominem
2558 488 2671 529 non
2722 488 2885 545 posse
2920 470 3041 529 sine
3077 470 3343 531 miraeulo
3378 486 3671 545 gemam

395 593 564 637 sessu.
648 572 810 639 Quod
837 574 1098 645 superest,
1149 570 1270 627 vale
1309 575 1367 626 et
1397 572 1538 627 fave.

487 666 810 722 Hanoverae
842 658 1307 718 31.Ju1.1709.

1015 749 1256 806 Godef.
1301 746 1477 804 Guil.
1519 740 1934 802 Leibnitius.

487 840 548 897 P.
578 840 633 895 S.
685 840 824 895 Cum
851 838 1101 913 prodiere
1129 834 1439 895 Novissima
1467 847 1590 889 mee
1617 830 1794 889 Siniea
1821 829 1978 904 olim,

399 929 638 987 Romam
679 928 845 983 missa
873 932 1015 1001 sunt,
1055 932 1132 1001 et,
1173 923 1356 997 eredo,
1400 938 1498 998 per
1525 922 1634 977 Dn.
1677 918 1981 991 Maglia-

401 1016 686 1075 beeebiu
703 1031 790 1091 m,
833 1015 905 1074 ad
933 1014 1256 1073 Generalem
1293 1010 1672 1087 Praepositum
1702 1007 1980 1065 societatis

401 1110 616 1163 vestrae
643 1109 1020 1179 pervenerunt,
1072 1102 1166 1177 qui
1212 1096 1286 1177 (si
1324 1101 1466 1157 bene
1505 1097 1761 1169 memini)
1809 1098 1981 1152 etiam

401 1212 500 1270 per
528 1198 666 1253 hune
693 1194 918 1251 salutari
959 1190 1250 1262 mejussit.
1349 1188 1759 1247 Ptolomaeo
1793 1190 1981 1241 vestro

405 1284 528 1341 viro
565 1300 782 1341 stimmo
817 1298 909 1339 me
943 1278 1316 1339 commendari
1365 1282 1515 1352 peto.
1601 1275 1711 1333 Ubi
1751 1290 1981 1348 opuseu-

403 1373 520 1431 lum
557 1376 750 1429 eontra
778 1370 1094 1443 Baylium
1131 1367 1415 1443 prodierit,
1449 1364 1660 1437 judicia
1695 1362 1816 1433 ejus
1853 1364 1985 1421 sub-

399 1463 640 1519 mittam.

808 1805 1358 1867 EPISTULA
1427 1803 1582 1862 xlv,

494 1932 872 1993 Admodum
915 1929 1318 1989 Reverende
1361 1928 1586 2005 Pater,
1641 1928 1902 1986 Fautor

975 2016 1412 2077 Honorande.

495 2164 614 2223 Etsi
653 2164 756 2221 boe
793 2162 930 2220 nn‘hi
965 2178 1078 2219 non
1116 2161 1385 2232 tribuam,
1424 2163 1487 2216 ut
1525 2165 1729 2232 putem,
1775 2162 1991 2214 senten·-

407 2254 544 2315 tiam
573 2270 754 2311 meam
781 2252 852 2309 de
879 2251 1041 2309 rebus
1065 2250 1258 2309 Sinieis
1285 2249 1573 2322 quicquam
1603 2264 1763 2320 posse
1789 2248 1992 2303 babere

407 2343 736 2417 autoritatis,
763 2358 980 2415 sperem
1009 2346 1192 2397 tamen
1231 2338 1470 2395 rationes
1507 2352 1620 2393 non
1659 2334 1990 2409 spernendas

407 2432 586 2489 visum
615 2431 704 2505 iri,
723 2434 782 2485 et
805 2434 954 2486 certe
981 2428 1114 2485 nibil
1144 2424 1610 2501 praecipitandum
1639 2424 1815 2481 videri
1841 2425 1899 2481 in
1930 2440 1991 2480 re

409 2536 526 2577 non
561 2519 694 2575 satis
731 2518 988 2575 dim.
1073 2516 1294 2573 Gratias
1345 2530 1448 2589 pro
1495 2513 1991 2573 communicatione

285 2666 292 2673 ,
409 2607 628 2667 Deereti
653 2607 906 2663 Sinensis.
991 2603 1256 2678 Displicet
1291 2602 1439 2677 quod
1479 2602 1732 2659 Sinenses
1767 2601 1991 2675 Japoni-

309 2745 320 2757 .
409 2714 508 2757 eae
535 2694 890 2753 revolutionis
917 2693 1169 2751 notitiam
1199 2693 1400 2749 babere
1427 2690 1606 2747 video.

497 2786 734 2843 Gratum
757 2784 865 2841 erit
900 2783 1210 2858 exemplum
1247 2782 1374 2839 libri
1403 2780 1474 2837 de
1501 2780 1694 2853 spiritu
1721 2794 1993 2835 novorum

411 2873 709 2946 Augustini
735 2872 1138 2948 discipulorum,
1167 2872 1268 2930 etsi
1297 2869 1572 2930 interdum
1589 2868 1712 2943 plus
1741 2869 1995 2926 ostendat

411 2963 802 3036 mordeamus,
853 2978 1024 3062 quam
1069 2961 1374 3038 aequitatis.
1464 2959 1678 3033 Nempe
1728 2959 1993 3018 Iliacos

413 3053 596 3112 intra
621 3067 678 3108 m
694 3068 874 3108 uros.

497 3143 718 3208 Quaero
761 3157 834 3198 an
883 3143 968 3198 tot
1013 3141 1228 3198 animas
1268 3140 1329 3196 in
1367 3136 1528 3196 nobis
1567 3152 1772 3212 ponere
1808 3137 1988 3209 lieeat,

411 3235 550 3306 quot
575 3230 776 3302 gradus
803 3230 1142 3288 essentiales:
1187 3247 1240 3286 v.
1269 3243 1320 3299 g.
1387 3227 1480 3284 An
1519 3230 1630 3282 tres
1655 3225 1871 3282 animas
1898 3225 1992 3282 ha·

413 3320 682 3394 bebimus,
711 3317 844 3393 quia
881 3319 981 3389 (ex
1009 3319 1218 3392 vulgari
1258 3318 1454 3374 saltem
1489 3313 1788 3381 sententia)
1825 3311 1991 3370 babe-

413 3421 538 3468 mm
577 3410 928 3482 vegetativae,
971 3407 1262 3464 sensitivae
1301 3410 1357 3461 et
1393 3401 1678 3460 rationalis
1703 3402 1989 3474 perfeetio-

411 3514 512 3556 nes
559 3497 618 3554 in
666 3497 858 3556 eodem
907 3496 1172 3565 subjecto.
1259 3491 1498 3563 Negabis
1559 3491 1772 3564 opinor.
1862 3491 1992 3548 Non

411 3603 544 3661 ergo
569 3585 832 3660 dieemus,
869 3584 1018 3640 dieto
1055 3599 1202 3640 novo
1239 3579 1410 3653 gradu
1449 3578 1749 3653 essentiali,
1787 3594 1993 3638 novam

409 3675 654 3735 animam
679 3675 818 3732 dari.
903 3673 1020 3729 Hos
1046 3670 1247 3743 gradus
1273 3669 1546 3744 appellare
1573 3667 1760 3726 lieebit
1787 3669 1995 3726 tacul-

407 3769 608 3824 tates.
697 3759 948 3833 Intelligo
995 3765 1180 3818 autem
1233 3757 1540 3834 primitivas
1590 3757 1776 3830 aliquo
1825 3757 1993 3814 modo

407 3869 524 3912 non
559 3850 793 3910 invicem
832 3849 1214 3923 dependentes,
1259 3853 1322 3905 ut
1357 3846 1688 3906 sensitivitas
1725 3849 1816 3904 est
1845 3847 1993 3904 inde-

405 3940 650 4018 pendens
685 3957 724 3996 a
755 3938 1140 4012 rationalitate,
1192 3937 1304 3994 etsi
1347 3937 1580 3994 sortasse
1626 3935 1685 3992 in
1733 3935 1994 3993 creaturis

405 4045 524 4092 non
548 4034 754 4087 οοιιιια.
845 4027 1040 4084 Putem
1077 4030 1280 4100 autem,
1309 4025 1510 4096 gradus
1537 4025 1852 4082 essentiales
1880 4039 1993 4082 non

409 4115 896 4190 nisiaDeodari,
941 4120 1000 4173 et
1037 4116 1160 4174 tolli
1196 4132 1384 4189 posse:
1429 4113 1580 4187 quod
1619 4129 1770 4170 seeus
1807 4117 1893 4168 est
1930 4113 1991 4168 in

407 4207 784 4284 ςυλιιαιιιιιιιι,
811 4221 910 4262 seu
938 4204 1276 4264 derivativis.
1348 4201 1468 4276 Ego
1507 4201 1712 4274 alioqui
1751 4217 1863 4258 non
1900 4217 1990 4259 so·

409 4299 502 4356 lea
527 4308 714 4354 euram
739 4297 838 4354 bas
864 4294 934 4351 de
970 4291 1310 4368 entitatibns,
1353 4307 1449 4348 seu
1491 4289 1800 4366 abstractis,
1828 4306 1992 4363 quae-

407 4383 628 4444 naum
715 4383 964 4440 Dicerem
1005 4381 1104 4440 tali
1143 4397 1272 4438 casu
1301 4379 1684 4452 substantiam,
1723 4393 1865 4453 qnae
1893 4383 1990 4436 an-

410 4479 502 4532 tea
527 4471 842 4532 ratiocinari
877 4485 992 4528 non
1017 4473 1250 4544 poterat,
1294 4485 1436 4526 nune
1459 4483 1643 4543 pesse,
1675 4467 1838 4542 idque
1876 4484 1991 4526 non

409 4557 1019 4633 naturaevi‚sedDei.
1109 4557 1987 4616 Dieis.·Simentemtuam1-e-

414 4656 538 4710 nete
586 4648 868 4725 percipio,
895 4647 1118 4706 animae
1167 4646 1502 4706 irrationalis
1549 4647 1611 4704 in
1659 4646 1991 4704 rationalem

413 4737 834 4812 -tiaasnuatio,
861 4741 1006 4794 esset
1030 4753 1134 4812 pro
1162 4736 1348 4794 anima
1373 4734 1675 4794 nratiouali
1715 4749 1858 4808 quae
1897 4735 1990 4794 de·

415 4831 563 4903 -ειιι,
593 4825 922 4886 substituere
947 4827 1340 4885 rationalemzu
1373 4825 1470 4881 sed
1511 4822 1668 4880 vides
1705 4840 1780 4880 ex
1805 4825 1985 4900 dietis,

407 4919 549 4978 hane
575 4915 814 4976 mentem
842 4931 1022 4974 meam
1051 4932 1166 4972 non
1193 4931 1328 4971 esse.
1413 4910 1522 4978 Qui
1559 4910 1836 4985 duplicem
1878 4917 1987 4971 sta·

2062 560 2347 637 paradoxa
2384 562 2553 619 etiam
2591 562 2700 619 erit
2740 560 2993 619 doctrina
3042 560 3291 619 omnium
3339 565 3672 619 vestrarum

2062 650 2375 709 Scholamm
2388 690 2407 723 ,
2448 650 2517 709 de
2544 652 2819 707 creatione
2856 650 3075 709 animae
3110 650 3437 724 rationalis,
3480 655 3541 705 et
3578 667 3665 709 re-

2061 739 2390 797 currendum
2426 740 2533 797 erit
2570 740 2644 797 ad
2684 738 2805 811 ejus
2842 740 3335 814 praeexistentiam.
3430 738 3589 795 Nam
3614 741 3661 795 si

2065 829 2284 887 animae
2312 828 2603 887 rationales
2630 828 2691 885 in
2720 828 3018 897 seminibus
3047 828 3253 903 latent,
3290 829 3427 885 talis
3460 828 3661 883 tradux

2064 934 2254 975 revera
2280 924 2367 974 αι
2394 918 2829 991 praeexistentia.
2918 918 3079 984 Quod
3109 916 3157 973 si
3186 917 3243 973 id
3272 916 3469 989 malie,
3500 933 3665 989 quam

2062 1009 2281 1065 atiimas
2321 1023 2359 1063 a
2395 1008 2517 1063 Deo
2566 1023 2642 1064 ex
2690 1004 3101 1065 irrationalibus
3138 1006 3293 1064 reddi
3332 1006 3665 1077 rationales,

2061 1098 2201 1153 adeo
2230 1112 2342 1152 non
2370 1111 2631 1169 repugno,
2660 1099 2724 1151 ut
2756 1094 2941 1169 potius
2969 1097 3203 1152 faveam.
3292 1095 3364 1151 Et
3392 1111 3543 1151 sarie
3572 1097 3665 1151 ali·

2063 1184 2285 1260 quando
2310 1184 2547 1256 cogitavi
2573 1184 2887 1241 innumeras
2924 1184 3145 1258 quidem
3182 1184 3403 1241 animas
3448 1184 3665 1241 saisiti—

2066 1291 2165 1331 vas
2194 1291 2313 1331 esse
2342 1274 2403 1330 in
2430 1274 2728 1331 seminibus
2758 1274 3040 1346 humanis,
3072 1278 3135 1331 ιιι
3163 1273 3419 1331 omnium
3450 1274 3667 1330 anima-

2070 1364 2233 1437 lium,
2264 1363 2359 1419 sed
2388 1379 2482 1419 eas
2513 1364 2658 1419 solas
2685 1362 2886 1419 habere
2915 1361 3360 1436 rationalitatem,
3390 1363 3511 1419 etsi
3532 1380 3663 1419 non-

2070 1453 2201 1509 dum
2242 1468 2301 1509 se
2340 1456 2682 1525 exerentem,
2725 1467 2959 1525 quarum
3002 1468 3201 1525 eorpus
3237 1452 3573 1527 organicum
3608 1453 3661 1507 in

2070 1542 2129 1597 id
2178 1540 2508 1597 destinatum
2557 1544 2719 1613 esset,
2772 1546 2836 1597 ut
2880 1540 3175 1613 aliquando
3214 1540 3289 1595 sit
3336 1540 3661 1610 humanum,

2072 1628 2223 1703 quod
2253 1626 2373 1699 jam
2412 1627 2473 1683 in
2508 1644 2577 1685 eo
2614 1628 2849 1703 perspici
2888 1634 3075 1703 posset
3102 1646 3137 1687 a
3166 1630 3301 1686 satis
3338 1629 3657 1705 perspicaci.

2072 1718 2157 1775 Ita
2183 1716 2607 1774 transmeatione
2637 1732 2777 1793 opus
2806 1732 2921 1773 non
2947 1718 3069 1773 erit.

2159 1805 2485 1863 Adscribam
2534 1806 2705 1863 verba
2754 1804 3164 1865 sebetliasmatis
3210 1802 3495 1876 cuiusdam
3546 1808 3659 1863 mei

2072 1894 2279 1952 latini:
2343 1893 2714 1969 »Propagatio
2752 1896 3015 1969 contagii,
3068 1911 3106 1951 a
3155 1894 3311 1968 lapsu
3344 1895 3659 1968 primorum

2080 1988 2433 2059 ..parentum,
2474 1984 2531 2039 in
2560 1982 2775 2041 animas
2802 1988 3142 2061 posterorum
3156 2022 3172 2051 ,
3212 1998 3320 2039 non
3344 1982 3536 2041 melius
3568 1984 3659 2039 vi-

2082 2074 2275 2129 -detur
2322 2072 2585 2146 explieat-i
2624 2090 2820 2147 posse,
2868 2088 3035 2146 quam
3072 2072 3388 2145 statuendo,
3436 2073 3659 2127 animas

2082 2166 2464 2236 ·posterorum
2502 2161 2562 2215 in
2602 2162 2863 2217 Adamo
2902 2178 3015 2219 non
3052 2163 3218 2219 fuisse
3256 2161 3515 2233 infectas,
3558 2160 3653 2217 sed

2082 2266 2214 2306 ..eas
2240 2254 2373 2307 tune
2400 2249 2461 2305 in
2490 2250 2791 2307 seminibus
2813 2250 3025 2324 (aliquo
3048 2249 3217 2307 modo
3236 2248 3359 2319 jam
3384 2251 3653 2320 organicis

2082 2344 2177 2395 -et
2224 2337 2565 2411 viventibus)
2614 2339 2942 2413 existentes,
2991 2339 3161 2396 fuisse
3212 2339 3503 2395 setisifivas
3538 2344 3653 2395 tan·

2083 2432 2238 2484 -tum
2254 2466 2271 2501 ,
2311 2427 2484 2485 donee
2512 2428 2569 2483 in
2598 2434 2863 2501 eoneeptu
2900 2428 3199 2486 novissimo
3250 2428 3417 2483 simul
3460 2444 3651 2501 corpu

2083 2516 2343 2589 »aliquod
2370 2517 2630 2572 seminale
2668 2516 2740 2574 ed
2782 2516 3019 2573 bominis
3058 2516 3449 2573 formationem
3486 2518 3654 2574 deter-

2082 2605 2441 2679 nminaretur,
2470 2609 2527 2661 et
2553 2605 2741 2662 anima
2768 2606 3033 2663 sensitiva
3062 2606 3135 2662 ad
3162 2606 3397 2677 gradum
3422 2607 3657 2664 ratium-

2083 2692 2291 2749 -litatis
2328 2694 2675 2769 eveheretur,
2716 2695 2835 2751 sive
2874 2692 2921 2750 is
2960 2698 3229 2751 statuatur
3266 2696 3598 2753 ιιιιιααιλοεε
3624 2712 3657 2751 a

2085 2782 2243 2839 »Deo
2268 2782 2577 2859 superaddi,
2600 2782 2717 2839 sive
2743 2784 2805 2839 in
2832 2783 2943 2840 illis
2964 2784 3255 2841 animabus
3282 2784 3655 2859 seminalibus,

2086 2887 2265 2946 „quae
2294 2872 2365 2929 ad
2382 2872 2792 2933 humanitatem
2818 2872 3121 2930 destinatae
3148 2878 3294 2948 sunt,
3318 2872 3445 2946 jam
3474 2874 3654 2949 lateat,

2085 2962 2181 3018 »in
2230 2965 2355 3019 aetu
2404 2961 2640 3035 signato,
2694 2961 2793 3019 sed
2842 2963 3129 3021 evolvatur
3176 2963 3401 3020 demum
3440 2968 3499 3020 et
3538 2981 3657 3020 sese

2086 3055 2339 3126 »υκαι-αι,
2388 3067 2515 3106 eum
2552 3067 2747 3126 eorpus
2786 3053 3100 3124 organicum
3140 3053 3240 3108 tali
3280 3053 3499 3110 aniniee
3534 3071 3660 3128 pro-

2084 3139 2320 3214 ·prium,
2364 3156 2461 3214 per
2491 3139 2744 3196 ultimum
2783 3147 3119 3216 conceptum,
3162 3141 3336 3198 etiam
3374 3142 3433 3198 in
3470 3141 3657 3198 buma-

2084 3243 2255 3284 ·num
2282 3227 2487 3300 partim
2514 3229 2801 3304 evolvitur,
2834 3232 3035 3304 partim
3076 3231 3516 3305 transformatur,
3556 3231 3654 3288 hu-

2082 3332 2284 3372 ·mano
2310 3316 2623 3386 organismo
2650 3319 2819 3374 etiam
2848 3335 2961 3377 non
2988 3319 3094 3376 nisi
3122 3320 3183 3376 in
3214 3319 3409 3376 harum
3452 3321 3657 3376 aninm-

2082 3421 2242 3462 ·rum
2268 3405 2591 3479 eorporibus
2618 3407 3012 3482 praestabilito‚
3044 3409 3169 3465 aliis
3196 3408 3427 3465 infinitis
3456 3412 3658 3466 anim·

2082 3493 2242 3567 -bm,
2272 3493 2719 3568 animalculisque
2746 3495 3119 3572 seminalibus,
3152 3497 3225 3567 (si
3254 3497 3392 3554 talia
3420 3497 3657 3555 admitti-

2084 3583 2273 3650 ·mns)
2304 3583 2391 3638 vel
2422 3587 2569 3640 certe
2608 3585 2990 3657 praeformatis
3028 3585 3351 3660 corporibus
3392 3587 3659 3658 organicis

2083 3669 2448 3746 niventibus,
2478 3672 2627 3730 intra
2664 3673 2980 3730 sensitivum
3018 3680 3249 3732 naturae
3274 3677 3515 3746 gradum
3546 3677 3661 3734 sub-

2085 3758 2465 3834 -sistentibus,
2507 3765 2624 3817 tam
2660 3762 2878 3819 inacta
2916 3764 3161 3838 signato,
3198 3779 3371 3836 quam
3408 3765 3477 3821 in
3514 3783 3661 3822 exer-

2084 3849 2252 3922 ·eito,
2282 3853 2346 3906 ut
2373 3849 2591 3906 scholae
2622 3851 2934 3923 loquuntur.
3004 3852 3125 3909 Erit
3152 3867 3284 3923 ergo
3310 3853 3525 3910 tradux
3552 3855 3661 3928 qui-

2085 3937 2272 4012 -ᾱαιιι,
2313 3937 2409 3994 sed
2448 3939 2613 4011 paulo
2650 3939 2989 3998 tuactabilior
3026 3956 3192 4012 quam
3229 3956 3397 4014 quem
3440 3939 3662 4014 'Angu-

2084 4027 2347 4084 -stinus
2394 4025 2598 4100 aliique
2624 4028 2730 4084 viri
2758 4029 2963 4104 egregii
2990 4033 3327 4103 statuerunt·
3394 4047 3513 4089 non
3552 4031 3661 4088 ani-

2084 4131 2245 4172 -mae
2272 4131 2347 4173 ex
2372 4115 2563 4172 anima
2590 4109 2849 4194 (reiectus
2880 4118 3153 4176 veteribus
3180 4122 3246 4175 ut
3270 4133 3345 4174 ex
3374 4119 3662 4194 prudentia

2083 4207 2301 4279 metet,
2346 4219 2447 4260 nee
2484 4211 2711 4264 naturae
2752 4221 2937 4264 rerum
2964 4209 3390 4280 eonsentaneus)
3418 4208 3519 4266 sed
3544 4209 3660 4265 ani-

2082 4293 2257 4351 ·mati
2282 4309 2354 4349 ex
2382 4293 2687 4350 animato.-

2160 4381 2404 4439 Massa
2446 4381 2582 4440 nihil
2618 4382 2773 4440 aliud
2810 4389 2895 4440 est
2929 4398 3100 4457 quam
3132 4384 3563 4459 pbamemmon,
3591 4389 3658 4440 ιιι

2072 4469 2196 4527 Iris.
2285 4470 2344 4528 Si
2372 4471 2522 4528 Dens
2564 4487 2767 4530 novam
2809 4477 2955 4530 creet
2994 4473 3259 4548 animm,
3300 4474 3387 4530 vel
3409 4472 3661 4530 Monada

2072 4559 2276 4635 potius,
2321 4563 2379 4616 et
2428 4560 2590 4618 faciat
2628 4561 2814 4636 priora
2850 4563 3111 4633 organica
3152 4563 3305 4619 coire
3354 4563 3415 4620 in
3454 4577 3659 4619 novum

2072 4665 2269 4722 eorpus
2294 4650 2633 4724 organicum,
2678 4665 2795 4706 non
2834 4650 2959 4708 ideo
2999 4651 3222 4708 auxerit
3262 4667 3531 4724 mamam,
3568 4649 3658 4707 sed

2070 4737 2431 4811 quantitatem
2472 4737 2862 4814 pinameni,
2906 4745 2969 4796 ut
3022 4739 3192 4813 patet.
3280 4739 3547 4814 Soepieor
3580 4745 3659 4796 ta-

2074 4825 3113 4903 mboevianeounquamfim-i,
3144 4827 3659 4898 eumnullamefl'us

2071 4913 2448 4972 necessitatem
2480 4915 2711 4973 videam.
2802 4917 3213 4991 Disputationes
3262 4916 3335 4974 de
3386 4917 3477 4973 his
3526 4933 3657 4991 qum

341 5053 348 5074 .
407 5012 572 5066 tunnt
611 5007 674 5064 in
707 5005 872 5063 nobis
905 5005 1168 5076 animam,
1219 5002 1369 5058 velut
1408 4999 1814 5074 Gassendistae,
1868 5002 1985 5058 ani-
2068 5001 2189 5060 Deo
2218 5003 2507 5076 possibilia
2536 5008 2665 5061 sunt
2690 5006 2879 5064 multis
2904 5005 3056 5064 trids
3083 5005 3369 5063 obnoxiae
3396 5010 3545 5064 sut.

408 5110 560 5154 nam
607 5093 1026 5152 immaterialem
1075 5089 1250 5152 brutis
1287 5105 1400 5147 non
1440 5087 1708 5146 uibuunt.
1793 5090 1987 5164 Itaque

2152 5091 3055 5168 QuoddeEuebaristiaqnaoeis
3106 5095 3655 5170 meumexplieandi

399 5183 490 5242 ιιιι
523 5184 660 5244 nibil
693 5181 768 5242 ad
807 5182 1105 5242 sententias
1143 5194 1308 5240 mem.
1397 5177 1455 5236 Si
1493 5176 1844 5238 Paradoxum
1882 5193 1982 5254 pu·
2064 5180 2313 5255 modum,
2344 5181 2645 5254 respondeo
2694 5182 2840 5260 apud
2888 5199 2995 5242 nos
3042 5184 3257 5244 nullum
3294 5201 3419 5242 esse
3460 5187 3653 5256 losum,
