3717 5850
1616 463 1737 553 V.

1269 638 2104 732 DISSERTATIO

365 968 867 1092 STILO
917 967 2256 1092 PHILOSOPHICO
2304 971 3014 1096 NIZOLII.

1530 1197 1849 1212 -u———n—-q

1435 1299 1932 1390 1670.

132 1576 649 1713 (Ιίιιὶἱθέίποιέὲίἱο
684 1581 823 1630 veris
860 1579 1015 1640 princ.
1051 1589 1145 1631 etc,
1215 1583 1351 1632 Libri
1389 1583 1477 1632 IV.
1550 1583 1783 1632 Francos,
1824 1583 1974 1632 1670.
2011 1603 2082 1614 -
2153 1584 2366 1632 Lelbn.
2405 1583 2529 1641 opp.
2567 1585 2626 1630 ed
2663 1587 2908 1633 Duteus
2944 1587 3321 1634 Tom.lV,P.1.

226 1667 263 1710 p.
382 1673 451 1684 -
556 1687 569 1700 .

178 1883 211 1940 1.
248 1883 329 1939 Dc
378 1884 769 1940 alienorum
834 1898 1115 1956 operum
1172 1883 1509 1940 editione.
1608 1883 1677 1939 11.
1732 1885 1829 1940 De
1883 1884 2151 1941 Nizolii
2206 1885 2752 1942 Concordantiis
2812 1885 3322 1943 Ciceronianis,

255 1973 335 2028 111.
374 1972 757 2029 DeNizolii
804 1972 1061 2028 studiis
1102 1971 1635 2046 philosophicis,
1724 1974 1815 2028 IV.
1860 1974 2114 2046 Logica
2157 1974 2703 2048 philosophandi
2749 1975 3105 2048 principia
3141 1993 3324 2032 com-

256 2061 587 2135 plectitur.
687 2061 754 2116 V.
820 2062 919 2118 De
988 2060 1259 2117 Nizolii
1334 2061 1621 2118 dicendi
1693 2063 1982 2119 ratione.
2079 2064 2172 2118 VI,
2247 2063 2342 2118 De
2415 2063 2920 2136 philosophica
2993 2064 3324 2120 dictione.

254 2151 357 2206 v11.
396 2151 489 2206 De
530 2149 1049 2225 perspicuitate
1103 2149 1259 2206 stili
1315 2150 1813 2224 philosophici.
1904 2152 2050 2206 VIII,
2105 2153 2202 2207 De
2245 2152 2567 2208 terminis
2613 2151 2958 2208 technicis
3000 2156 3068 2209 et
3113 2170 3325 2227 popu-

254 2240 519 2296 laribus,
612 2238 719 2294 IX,
776 2239 873 2294 De
924 2221 1417 2310 ὢνοματοποιίᾳ.
1507 2239 1584 2296 X.
1640 2240 1737 2296 De
1788 2256 1914 2296 usu
1967 2241 2426 2296 terminorum
2482 2241 2980 2296 technicorum.
3068 2241 3173 2298 XI.
3229 2243 3326 2298 De

256 2327 657 2386 differentia
698 2326 1135 2400 cognitionis
1190 2327 1723 2402 philosophicae
1764 2345 1803 2384 a
1846 2329 2137 2400 vulgari.
2236 2329 2367 2386 XII.
2420 2330 2516 2385 De
2567 2328 3024 2403 philosophia
3079 2331 3328 2403 lingua

254 2418 397 2473 viva
446 2422 513 2474 et
568 2416 857 2488 vulgari
900 2416 1255 2472 tradenda,
1344 2417 1501 2474 XIII.
1557 2417 1821 2490 Lingua
1867 2417 2277 2474 Germanica
2321 2435 2462 2474 non
2503 2417 2729 2473 solum
2771 2418 3148 2490 aptissima
3189 2423 3324 2491 est,

254 2510 427 2562 ntea
476 2504 929 2580 philosophia
978 2504 1371 2578 doceamus,
1432 2505 1550 2563 sed
1602 2511 1670 2562 et
1723 2507 2004 2579 egregie
2068 2506 2271 2578 facit,
2327 2507 2410 2562 ad
2475 2506 2946 2563 scholasticae
3008 2507 3326 2580 philoso-

255 2595 443 2668 phiae
494 2609 761 2650 naevos
815 2593 1259 2664 detegendos,
1348 2594 1503 2651 XIV.
1546 2595 1643 2650 De
1685 2596 1853 2652 aliis
1894 2596 2190 2668 linguiS,
2245 2596 2504 2668 quibus
2544 2596 2896 2652 commode
2943 2596 3134 2653 tradi
3176 2596 3326 2669 phi·

256 2684 561 2756 losophia
622 2686 874 2756 potest.
964 2683 1091 2738 XV,
1146 2682 1412 2748 Quibus
1466 2683 1539 2738 in
1591 2682 2004 2757 disciplinis
2057 2683 2378 2740 terminis
2439 2683 2778 2740 technicis
2841 2701 3005 2758 prae
3070 2685 3328 2743 ceteris

256 2777 349 2828 est
387 2770 621 2828 locus?
710 2771 865 2828 XVI,
908 2772 1005 2827 De
1049 2770 1507 2846 Philosophia
1549 2773 2022 2828 acroamatica
2072 2777 2138 2829 et
2180 2773 2566 2829 exoterica.
2663 2773 2845 2829 XVII.
2888 2775 3086 2830 Inter
3126 2790 3328 2832 accu-

254 2865 389 2918 rate
428 2860 1065 2935 philosophandum
1107 2861 1461 2916 concretis
1502 2865 1771 2918 tautum
1812 2861 2138 2918 utendum
2183 2865 2314 2935 est,
2359 2877 2498 2918 non
2525 2860 2926 2919 abstractis,
2994 2863 3202 2919 XVIII,
3233 2863 3329 2919 De

254 2957 599 3024 troporum
640 2950 713 3005 in
754 2949 927 3007 stilo
969 2949 1464 3024 philosophico
1512 2967 1648 3008 usu.
1748 2951 1914 3007 XIX.
1956 2951 2055 3006 De
2097 2950 2433 3007 claritate
2476 2950 2864 3023 orationiS,
2909 2967 3082 3023 quae
3124 2969 3159 3008 e
3195 2951 3328 3008 cir-

254 3037 685 3096 cumstantiis
725 3039 1043 3097 sumitur.
1131 3039 1269 3096 XX.
1312 3038 1649 3113 Aegyptii
1693 3042 1908 3112 atque
1949 3039 2390 3096 recentiores
2433 3039 2762 3095 Sinenscs
2805 3039 3330 3114 philosophiam

255 3145 423 3185 suam
470 3126 991 3199 aenigmatibus
1042 3127 1416 3184 occultant.
1504 3128 1669 3187 XXI.
1724 3128 1823 3185 De
1869 3128 2184 3185 utilitate
2236 3126 2780 3202 perspicuitatis
2820 3128 2974 3184 stili
3021 3129 3329 3202 philoso-

254 3218 437 3289 phici,
524 3216 722 3273 XXII.
774 3217 1105 3273 Veterum
1156 3216 1727 3290 philosophorum
1792 3221 2180 3287 systemata
2234 3232 2371 3275 non
2435 3215 2851 3290 rejicienda,
2909 3218 3025 3273 sed
3099 3233 3328 3274 emen-

258 3306 475 3363 danda.
592 3305 807 3361 XXIII.
874 3307 970 3363 De
1034 3305 1152 3377 iis,
1220 3305 1339 3378 qui
1402 3311 1645 3363 contra
1713 3306 2230 3380 philosophiam
2301 3306 2798 3363 scholasticam
2862 3306 3327 3380 disputarunt.

258 3394 449 3451 XXIV.
492 3395 595 3451 De
636 3394 949 3451 inventis
989 3394 1504 3467 nov-antiquis,
1591 3395 1779 3451 XXV.
1824 3395 2330 3455 Maledicentia
2366 3395 2438 3451 in
2481 3394 2770 3469 scriptis
2811 3394 3331 3469 philosophicis

256 3484 545 3543 vitanda.
640 3483 856 3539 XXVI.
900 3482 1499 3541 scholasticorum
1542 3500 1818 3540 errores
1862 3484 2246 3541 Aristoteli
2287 3500 2424 3540 non
2467 3483 2846 3541 tribuendi.
2947 3484 3188 3541 XXVII.
3232 3486 3332 3541 De

258 3571 659 3629 excusandis
721 3572 1309 3629 scholasticorum
1375 3572 1954 3646 philosophorum
2017 3572 2390 3629 erroribus.
2503 3572 2770 3629 XXVIII,
2815 3574 2914 3629 De
2957 3577 3150 3629 secta
3193 3573 3331 3629 No·

257 3661 621 3719 minalium,
748 3662 975 3718 XXIX.
1048 3661 1144 3716 De
1212 3674 1339 3715 usu
1412 3661 1956 3735 metaphysicae.
2074 3660 2272 3717 XXX.
2356 3661 2452 3717 De
2533 3660 2825 3733 scriptis
2895 3660 3330 3719 Aristotelis.

258 3748 457 3808 XXXI.
513 3752 619 3807 De
670 3749 1179 3807 universalium
1232 3753 1501 3805 natura,
1591 3749 1845 3807 XXXII.
1898 3748 2438 3821 Propositiones
2491 3748 2926 3805 universales
2977 3755 3138 3806 suut
3179 3751 3332 3807 fun-

262 3837 565 3897 damenta
608 3838 1239 3896 demonstrationis
1283 3836 1831 3912 philosophicae.

184 4010 220 4067 1.
255 4014 489 4075 Aliorum
526 4016 743 4091 Scripta
776 4016 955 4089 edere,
995 4016 1191 4072 Lector
1228 4015 1509 4089 benevole,
1550 4016 1648 4075 hu-

120 4098 220 4157 mile
241 4106 313 4159 est
338 4110 391 4161 ct
424 4110 786 4178 contemtum,
828 4110 885 4162 et
911 4102 1121 4177 ingenii
1159 4122 1258 4177 per
1294 4122 1354 4161 se
1392 4105 1647 4177 pauperis

120 4194 223 4244 nota
246 4208 351 4249 oese
384 4194 604 4252 videtur
642 4194 745 4268 illi,
786 4209 1022 4265 quorum
1063 4192 1315 4249 sublimis
1354 4196 1453 4249 aut
1490 4210 1647 4251 mens

118 4282 191 4332 aut
212 4280 381 4352 opinio
418 4300 587 4357 snpra
635 4287 879 4339 caeteros
919 4300 978 4339 se
1006 4281 1229 4355 attollit,
1276 4281 1476 4354 quibus
1526 4298 1649 4341 mos

118 4369 195 4435 ⁰³1,
216 4384 303 4425 sua
325 4374 553 4429 nomina
572 4372 769 4429 alienis
795 4371 995 4428 chartis
1015 4370 1305 4429 allinentes
1322 4370 1525 4427 herbae
1551 4388 1647 4445 pa-

118 4450 323 4515 rietariae
348 4462 597 4518 convicio
626 4460 870 4534 irridere,
902 4460 1049 4533 quod
1070 4458 1195 4528 jam
1222 4458 1361 4515 olim
1388 4460 1451 4516 in
1478 4460 1647 4517 Tra-

115 4537 330 4620 janum,
373 4550 577 4623 ubique
626 4567 726 4624 per
768 4564 961 4607 omnes
997 4548 1285 4605 vetustatis
1322 4548 1511 4605 ruinas
1560 4548 1647 4605 sui
1692 4609 1697 4619 ,

118 4632 313 4691 nominis
348 4639 654 4711 prodigum,
688 4636 997 4707 jactaverat
1034 4652 1267 4709 magnus
1302 4637 1649 4693 Constan-
1692 4630 1699 4667 ¹

120 4717 279 4779 tinus.
360 4727 468 4783 Sed
494 4744 587 4785 me
615 4726 839 4801 quidem
866 4728 1001 4783 haec
1026 4742 1223 4799 pamm
1250 4730 1493 4798 movent,
1524 4742 1650 4799 par-

120 4804 197 4861 tim
226 4813 487 4871 clarorum
524 4816 773 4875 vimi-um
808 4814 1063 4888 exemplo
1100 4814 1403 4886 munitum,
1446 4814 1651 4887 partim

62 4939 99 5005 ⁸
116 4904 571 5065 ffibdgfftezn
578 4904 997 5069 stsszdstltiltgii
1022 4904 1325 5049 sileffimgc
1350 4916 1653 5048 volunffitqiz

116 5066 295 5133 laudem
328 5080 591 5138 retulisse.
675 5082 949 5155 Exempla
986 5082 1327 5155 egregiorum
1367 5081 1652 5137 hominum

117 5157 195 5216 diu
214 5170 537 5243 conquirere,
564 5171 721 5245 copia
750 5187 865 5227 non
890 5170 1113 5245 petitur,
1142 5186 1318 5243 quum
1342 5169 1449 5243 ipsi
1478 5170 1653 5227 Theo·

1748 4014 1863 4089 logi
1892 4018 2149 4072 censeant
2173 4014 2472 4089 Scriptores
2509 4015 2736 4071 Sanctos
2765 4012 3013 4087 priorum
3039 4014 3334 4071 memorias

1748 4110 1808 4161 et
1846 4104 2134 4178 perfecisse
2173 4108 2230 4159 et
2267 4103 2528 4177 edidisse,
2573 4108 2632 4160 et
2668 4102 3015 4161 continuasse
3051 4104 3088 4160 J
3099 4120 3134 4159 o
3147 4120 3333 4161 suam

1747 4194 2002 4266 MosiS,
2035 4192 2418 4249 Samuelem
2444 4191 2724 4266 Josuae‚
2755 4193 3046 4251 Esdram
3072 4194 3334 4249 Samue-

1748 4284 1839 4339 lis
1865 4287 1922 4337 et
1949 4283 2362 4355 Prophetarum.
2419 4281 2586 4354 Apud
2616 4282 2918 4338 Graecos
2956 4298 3160 4354 magna
3187 4282 3336 4354 inge·

1746 4371 1978 4427 unitatis
2005 4371 2168 4427 laude
2196 4370 2500 4427 celebratur
2526 4370 2866 4443 Xenopho
2880 4387 2949 4445 n,
2983 4372 3130 4444 quod
3159 4370 3334 4427 Thu·

1748 4477 1827 4529 cy
1840 4460 2028 4516 didis
2056 4460 2329 4515 Historias
2356 4459 2416 4515 in
2447 4460 2624 4515 lucem
2664 4459 2830 4531 misit,
2871 4475 3042 4532 quum
3080 4459 3170 4516 vel
3209 4476 3336 4532 sup·

1747 4547 2000 4622 primere,
2053 4553 2118 4603 ut
2167 4547 2317 4607 solus
2367 4548 2708 4621 laudaretur,
2759 4548 2848 4606 vel
2897 4548 3009 4605 sibi
3057 4548 3337 4605 vindicare

1748 4641 1962 4711 posset3
2013 4636 2220 4711 dispari
2267 4635 2690 4693 Aristotelis
2743 4639 2950 4711 famae,
3000 4637 3098 4709 qui
3135 4652 3335 4709 magna

1750 4724 1900 4798 apud
1927 4725 2222 4783 nonnullos
2263 4725 2475 4783 invidia
2512 4726 2732 4783 laborat
2771 4742 3182 4798 suppressorum
3217 4725 3336 4798 phi·

1750 4813 2032 4887 losophiae
2069 4814 2383 4871 vetustioris
2434 4817 2932 4871 monumentorum.
3021 4815 3186 4889 Apud
3225 4814 3336 4869 Ro·
3382 4889 3390 4895 Β

1750 4918 1946 4959 manos
1973 4901 2044 4959 de
2071 4904 2190 4959 vita
2217 4902 2494 4959 veteribus
2523 4902 2800 4960 reddenda
2821 4903 3049 4961 mirifice
3069 4902 3337 4959 sollicitus

1754 4992 1858 5047 fuit
1885 4992 2290 5049 Hadrianus
2319 4993 2642 5065 Imperator,
2683 4992 2780 5065 qni
2807 5008 2924 5049 non
2953 4996 3168 5048 tantum
3206 4989 3338 5045 scri-

1752 5084 1851 5153 pta
1901 5080 2190 5154 diligenter
2230 5080 2604 5154 conquirebat,
2643 5081 2740 5137 sed
2791 5085 2849 5137 et
2895 5096 2970 5136 ex
3007 5078 3222 5153 statuiS,
3263 5094 3337 5133 ex

1754 5170 1980 5243 picturis
2009 5174 2280 5226 vetustate
2309 5169 2507 5226 vitium
2537 5168 2862 5226 facientibus
2901 5167 3108 5241 effigies
3145 5182 3338 5225 eorum
