<?xml version="1.0" encoding="UTF-8"?>
<!DOCTYPE html PUBLIC "-//W3C//DTD XHTML 1.0 Transitional//EN"
    "http://www.w3.org/TR/xhtml1/DTD/xhtml1-transitional.dtd">
<html xmlns="http://www.w3.org/1999/xhtml" xml:lang="en" lang="en">
 <head>
  <title>
</title>
<meta http-equiv="Content-Type" content="text/html;charset=utf-8" />
  <meta name='ocr-system' content='tesseract 3.04.00' />
  <meta name='ocr-capabilities' content='ocr_page ocr_carea ocr_par ocr_line ocrx_word'/>
</head>
<body>
  <div class='ocr_page' id='page_1' title='image "./godguilleibniti00erdmgoog_0019.png"; bbox 0 0 3717 5850; ppageno 0'>
   <div class='ocr_carea' id='block_1_1' title="bbox 1295 364 3369 430">
    <p class='ocr_par' dir='ltr' id='par_1_1' title="bbox 1295 364 3369 430">
     <span class='ocr_line' id='line_1_1' title="bbox 1295 364 3369 430; baseline 0.002 -4"><span class='ocrx_word' id='word_1_1' title='bbox 1295 364 2087 427; x_wconf 79' lang='lat' dir='ltr'><strong>PRAEFATIO.</strong></span> <span class='ocrx_word' id='word_1_2' title='bbox 3221 370 3369 430; x_wconf 84' lang='lat' dir='ltr'><strong>xm</strong></span> 
     </span>
    </p>
   </div>
   <div class='ocr_carea' id='block_1_2' title="bbox 81 495 3370 5335">
    <p class='ocr_par' dir='ltr' id='par_1_2' title="bbox 81 495 3367 2092">
     <span class='ocr_line' id='line_1_2' title="bbox 87 495 3365 594; baseline 0.001 -26"><span class='ocrx_word' id='word_1_3' title='bbox 87 521 284 594; x_wconf 84' lang='lat' dir='ltr'><strong>genus</strong></span> <span class='ocrx_word' id='word_1_4' title='bbox 329 501 552 570; x_wconf 83' lang='lat' dir='ltr'><strong>inveni</strong></span> <span class='ocrx_word' id='word_1_5' title='bbox 565 551 586 586; x_wconf 92' lang='lat'><strong>,</strong></span> <span class='ocrx_word' id='word_1_6' title='bbox 643 523 888 592; x_wconf 83' lang='lat' dir='ltr'><strong>eaeque</strong></span> <span class='ocrx_word' id='word_1_7' title='bbox 943 521 1170 568; x_wconf 88' lang='lat' dir='ltr'><strong>omnes</strong></span> <span class='ocrx_word' id='word_1_8' title='bbox 1223 509 1430 570; x_wconf 84' lang='lat' dir='ltr'><strong>aetate</strong></span> <span class='ocrx_word' id='word_1_9' title='bbox 1475 495 1737 592; x_wconf 82' lang='lat' dir='ltr'><strong>juvenili</strong></span> <span class='ocrx_word' id='word_1_10' title='bbox 1790 499 2201 590; x_wconf 68' lang='lat' dir='ltr'><strong>conscriptae.</strong></span> <span class='ocrx_word' id='word_1_11' title='bbox 2286 497 2569 568; x_wconf 85' lang='lat' dir='ltr'><strong>Mutatur</strong></span> <span class='ocrx_word' id='word_1_12' title='bbox 2608 499 2834 570; x_wconf 74' lang='lat' dir='ltr'><strong>deiride</strong></span> <span class='ocrx_word' id='word_1_13' title='bbox 2877 498 3167 570; x_wconf 87' lang='lat' dir='ltr'><strong>Leibnitii</strong></span> <span class='ocrx_word' id='word_1_14' title='bbox 3206 504 3365 572; x_wconf 85' lang='lat' dir='ltr'><strong>scri·</strong></span> 
     </span>
     <span class='ocr_line' id='line_1_3' title="bbox 85 612 3367 709; baseline 0.001 -25"><span class='ocrx_word' id='word_1_15' title='bbox 85 615 268 684; x_wconf 79' lang='lat' dir='ltr'><strong>bendi</strong></span> <span class='ocrx_word' id='word_1_16' title='bbox 325 615 572 684; x_wconf 87' lang='lat' dir='ltr'><strong>modus</strong></span> <span class='ocrx_word' id='word_1_17' title='bbox 627 639 834 708; x_wconf 89' lang='lat' dir='ltr'><strong>quum</strong></span> <span class='ocrx_word' id='word_1_18' title='bbox 883 613 1078 684; x_wconf 88' lang='lat' dir='ltr'><strong>literis</strong></span> <span class='ocrx_word' id='word_1_19' title='bbox 1131 615 1478 709; x_wconf 87' lang='lat' dir='ltr'><strong>majoribus</strong></span> <span class='ocrx_word' id='word_1_20' title='bbox 1525 623 1860 706; x_wconf 86' lang='lat' dir='ltr'><strong>tractuque</strong></span> <span class='ocrx_word' id='word_1_21' title='bbox 1912 612 2235 685; x_wconf 83' lang='lat' dir='ltr'><strong>literarum</strong></span> <span class='ocrx_word' id='word_1_22' title='bbox 2288 618 2659 708; x_wconf 86' lang='lat' dir='ltr'><strong>praesertim</strong></span> <span class='ocrx_word' id='word_1_23' title='bbox 2708 615 2989 688; x_wconf 80' lang='lat' dir='ltr'><strong>finalium</strong></span> <span class='ocrx_word' id='word_1_24' title='bbox 3044 627 3177 686; x_wconf 88' lang='lat' dir='ltr'><strong>tam</strong></span> <span class='ocrx_word' id='word_1_25' title='bbox 3230 617 3367 688; x_wconf 83' lang='lat' dir='ltr'><strong>ele·</strong></span> 
     </span>
     <span class='ocr_line' id='line_1_4' title="bbox 83 727 3364 826; baseline 0.002 -28"><span class='ocrx_word' id='word_1_26' title='bbox 83 731 252 824; x_wconf 80' lang='lat' dir='ltr'><strong>ganti</strong></span> <span class='ocrx_word' id='word_1_27' title='bbox 299 731 560 815; x_wconf 83' lang='lat' dir='ltr'><strong>scribat,</strong></span> <span class='ocrx_word' id='word_1_28' title='bbox 603 742 677 800; x_wconf 88' lang='lat' dir='ltr'><strong>ut</strong></span> <span class='ocrx_word' id='word_1_29' title='bbox 713 731 831 800; x_wconf 88' lang='lat' dir='ltr'><strong>sibi</strong></span> <span class='ocrx_word' id='word_1_30' title='bbox 873 729 1186 823; x_wconf 78' lang='lat' dir='ltr'><strong>placuisse</strong></span> <span class='ocrx_word' id='word_1_31' title='bbox 1225 731 1511 800; x_wconf 84' lang='lat' dir='ltr'><strong>videatur</strong></span> <span class='ocrx_word' id='word_1_32' title='bbox 1551 731 1618 800; x_wconf 89' lang='lat' dir='ltr'><strong>in</strong></span> <span class='ocrx_word' id='word_1_33' title='bbox 1661 727 2000 823; x_wconf 84' lang='lat' dir='ltr'><strong>pingendo.</strong></span> <span class='ocrx_word' id='word_1_34' title='bbox 2065 727 2211 799; x_wconf 85' lang='lat' dir='ltr'><strong>Vidi</strong></span> <span class='ocrx_word' id='word_1_35' title='bbox 2256 729 2513 820; x_wconf 89' lang='lat' dir='ltr'><strong>quidem</strong></span> <span class='ocrx_word' id='word_1_36' title='bbox 2540 729 2709 799; x_wconf 88' lang='lat' dir='ltr'><strong>hanc</strong></span> <span class='ocrx_word' id='word_1_37' title='bbox 2732 729 3055 801; x_wconf 88' lang='lat' dir='ltr'><strong>literarum</strong></span> <span class='ocrx_word' id='word_1_38' title='bbox 3082 736 3364 826; x_wconf 87' lang='lat' dir='ltr'><strong>speciem</strong></span> 
     </span>
     <span class='ocr_line' id='line_1_5' title="bbox 81 845 3365 939; baseline 0.001 -25"><span class='ocrx_word' id='word_1_39' title='bbox 81 850 146 915; x_wconf 87' lang='lat' dir='ltr'><strong>in</strong></span> <span class='ocrx_word' id='word_1_40' title='bbox 187 845 612 939; x_wconf 76' lang='lat' dir='ltr'><strong>autographis</strong></span> <span class='ocrx_word' id='word_1_41' title='bbox 653 869 820 914; x_wconf 87' lang='lat' dir='ltr'><strong>anno</strong></span> <span class='ocrx_word' id='word_1_42' title='bbox 847 845 1190 914; x_wconf 87' lang='lat' dir='ltr'><strong>MDCCX.</strong></span> <span class='ocrx_word' id='word_1_43' title='bbox 1233 847 1618 938; x_wconf 73' lang='lat' dir='ltr'><strong>conscriptis,</strong></span> <span class='ocrx_word' id='word_1_44' title='bbox 1659 845 1774 915; x_wconf 89' lang='lat' dir='ltr'><strong>sed</strong></span> <span class='ocrx_word' id='word_1_45' title='bbox 1815 855 2033 914; x_wconf 88' lang='lat' dir='ltr'><strong>tamen</strong></span> <span class='ocrx_word' id='word_1_46' title='bbox 2074 845 2273 914; x_wconf 90' lang='lat' dir='ltr'><strong>rarior</strong></span> <span class='ocrx_word' id='word_1_47' title='bbox 2314 857 2413 914; x_wconf 85' lang='lat' dir='ltr'><strong>est</strong></span> <span class='ocrx_word' id='word_1_48' title='bbox 2450 856 2601 939; x_wconf 86' lang='lat' dir='ltr'><strong>post</strong></span> <span class='ocrx_word' id='word_1_49' title='bbox 2638 846 2874 914; x_wconf 87' lang='lat' dir='ltr'><strong>saeculi</strong></span> <span class='ocrx_word' id='word_1_50' title='bbox 2908 846 3109 918; x_wconf 88' lang='lat' dir='ltr'><strong>XVll.</strong></span> <span class='ocrx_word' id='word_1_51' title='bbox 3152 847 3365 920; x_wconf 81' lang='lat' dir='ltr'><strong>finem.</strong></span> 
     </span>
     <span class='ocr_line' id='line_1_6' title="bbox 83 958 3361 1054; baseline 0.002 -23"><span class='ocrx_word' id='word_1_52' title='bbox 83 963 188 1032; x_wconf 83' lang='lat' dir='ltr'><strong>Ex</strong></span> <span class='ocrx_word' id='word_1_53' title='bbox 233 986 310 1032; x_wconf 86' lang='lat' dir='ltr'><strong>eo</strong></span> <span class='ocrx_word' id='word_1_54' title='bbox 355 973 660 1053; x_wconf 87' lang='lat' dir='ltr'><strong>tempore</strong></span> <span class='ocrx_word' id='word_1_55' title='bbox 699 961 918 1031; x_wconf 89' lang='lat' dir='ltr'><strong>literae</strong></span> <span class='ocrx_word' id='word_1_56' title='bbox 957 963 1236 1031; x_wconf 89' lang='lat' dir='ltr'><strong>minores</strong></span> <span class='ocrx_word' id='word_1_57' title='bbox 1279 971 1614 1054; x_wconf 89' lang='lat' dir='ltr'><strong>apparent,</strong></span> <span class='ocrx_word' id='word_1_58' title='bbox 1656 971 1724 1029; x_wconf 88' lang='lat' dir='ltr'><strong>et</strong></span> <span class='ocrx_word' id='word_1_59' title='bbox 1761 958 2183 1054; x_wconf 87' lang='lat' dir='ltr'><strong>negligentius</strong></span> <span class='ocrx_word' id='word_1_60' title='bbox 2226 983 2305 1028; x_wconf 90' lang='lat' dir='ltr'><strong>ac</strong></span> <span class='ocrx_word' id='word_1_61' title='bbox 2346 983 2545 1030; x_wconf 88' lang='lat' dir='ltr'><strong>manu</strong></span> <span class='ocrx_word' id='word_1_62' title='bbox 2588 963 2705 1030; x_wconf 87' lang='lat' dir='ltr'><strong>etsi</strong></span> <span class='ocrx_word' id='word_1_63' title='bbox 2744 984 2875 1032; x_wconf 91' lang='lat' dir='ltr'><strong>non</strong></span> <span class='ocrx_word' id='word_1_64' title='bbox 2918 973 3223 1036; x_wconf 86' lang='lat' dir='ltr'><strong>tremente</strong></span> <span class='ocrx_word' id='word_1_65' title='bbox 3264 977 3361 1036; x_wconf 87' lang='lat' dir='ltr'><strong>ta-</strong></span> 
     </span>
     <span class='ocr_line' id='line_1_7' title="bbox 83 1074 3361 1170; baseline 0.002 -25"><span class='ocrx_word' id='word_1_66' title='bbox 83 1101 238 1148; x_wconf 84' lang='lat' dir='ltr'><strong>men</strong></span> <span class='ocrx_word' id='word_1_67' title='bbox 281 1080 504 1146; x_wconf 80' lang='lat' dir='ltr'><strong>minus</strong></span> <span class='ocrx_word' id='word_1_68' title='bbox 547 1075 758 1160; x_wconf 83' lang='lat' dir='ltr'><strong>firma,</strong></span> <span class='ocrx_word' id='word_1_69' title='bbox 801 1099 998 1168; x_wconf 80' lang='lat' dir='ltr'><strong>saepe</strong></span> <span class='ocrx_word' id='word_1_70' title='bbox 1039 1074 1286 1146; x_wconf 87' lang='lat' dir='ltr'><strong>calamo</strong></span> <span class='ocrx_word' id='word_1_71' title='bbox 1330 1075 1500 1146; x_wconf 88' lang='lat' dir='ltr'><strong>male</strong></span> <span class='ocrx_word' id='word_1_72' title='bbox 1540 1086 1891 1169; x_wconf 87' lang='lat' dir='ltr'><strong>temperato</strong></span> <span class='ocrx_word' id='word_1_73' title='bbox 1934 1077 2166 1168; x_wconf 88' lang='lat' dir='ltr'><strong>pictae,</strong></span> <span class='ocrx_word' id='word_1_74' title='bbox 2208 1099 2403 1170; x_wconf 87' lang='lat' dir='ltr'><strong>saepe</strong></span> <span class='ocrx_word' id='word_1_75' title='bbox 2442 1075 2613 1146; x_wconf 90' lang='lat' dir='ltr'><strong>lectu</strong></span> <span class='ocrx_word' id='word_1_76' title='bbox 2654 1075 2929 1146; x_wconf 86' lang='lat' dir='ltr'><strong>difficiles</strong></span> <span class='ocrx_word' id='word_1_77' title='bbox 2966 1089 3133 1148; x_wconf 89' lang='lat' dir='ltr'><strong>sunt.</strong></span> <span class='ocrx_word' id='word_1_78' title='bbox 3206 1081 3361 1169; x_wconf 84' lang='lat' dir='ltr'><strong>(Ga-</strong></span> 
     </span>
     <span class='ocr_line' id='line_1_8' title="bbox 83 1189 3366 1290; baseline 0.002 -31"><span class='ocrx_word' id='word_1_79' title='bbox 83 1191 174 1259; x_wconf 89' lang='lat' dir='ltr'><strong>dit</strong></span> <span class='ocrx_word' id='word_1_80' title='bbox 211 1192 344 1262; x_wconf 88' lang='lat' dir='ltr'><strong>hoc</strong></span> <span class='ocrx_word' id='word_1_81' title='bbox 393 1216 450 1261; x_wconf 90' lang='lat' dir='ltr'><strong>e.</strong></span> <span class='ocrx_word' id='word_1_82' title='bbox 497 1215 588 1285; x_wconf 87' lang='lat' dir='ltr'><strong>gr.</strong></span> <span class='ocrx_word' id='word_1_83' title='bbox 643 1195 710 1262; x_wconf 89' lang='lat' dir='ltr'><strong>in</strong></span> <span class='ocrx_word' id='word_1_84' title='bbox 755 1195 1080 1285; x_wconf 76' lang='lat' dir='ltr'><strong>specimen</strong></span> <span class='ocrx_word' id='word_1_85' title='bbox 1133 1201 1354 1261; x_wconf 88' lang='lat' dir='ltr'><strong>contra</strong></span> <span class='ocrx_word' id='word_1_86' title='bbox 1393 1189 1704 1262; x_wconf 82' lang='lat' dir='ltr'><strong>Lockium</strong></span> <span class='ocrx_word' id='word_1_87' title='bbox 1759 1215 1929 1261; x_wconf 89' lang='lat' dir='ltr'><strong>anno</strong></span> <span class='ocrx_word' id='word_1_88' title='bbox 1970 1189 2333 1261; x_wconf 75' lang='lat' dir='ltr'><strong>MDCCIV.</strong></span> <span class='ocrx_word' id='word_1_89' title='bbox 2380 1194 2827 1286; x_wconf 87' lang='lat' dir='ltr'><strong>conscriptum,</strong></span> <span class='ocrx_word' id='word_1_90' title='bbox 2870 1193 3043 1285; x_wconf 90' lang='lat' dir='ltr'><strong>quod</strong></span> <span class='ocrx_word' id='word_1_91' title='bbox 3084 1193 3366 1290; x_wconf 86' lang='lat' dir='ltr'><strong>Raspius</strong></span> 
     </span>
     <span class='ocr_line' id='line_1_9' title="bbox 85 1305 3367 1400; baseline 0.001 -24"><span class='ocrx_word' id='word_1_92' title='bbox 85 1305 318 1394; x_wconf 82' lang='lat' dir='ltr'><strong>edidit).</strong></span> <span class='ocrx_word' id='word_1_93' title='bbox 411 1307 592 1376; x_wconf 87' lang='lat' dir='ltr'><strong>Haec</strong></span> <span class='ocrx_word' id='word_1_94' title='bbox 617 1306 844 1376; x_wconf 89' lang='lat' dir='ltr'><strong>indicia</strong></span> <span class='ocrx_word' id='word_1_95' title='bbox 887 1331 1086 1400; x_wconf 87' lang='lat' dir='ltr'><strong>quam</strong></span> <span class='ocrx_word' id='word_1_96' title='bbox 1129 1307 1426 1400; x_wconf 87' lang='lat' dir='ltr'><strong>ambigua</strong></span> <span class='ocrx_word' id='word_1_97' title='bbox 1469 1309 1609 1390; x_wconf 90' lang='lat' dir='ltr'><strong>sint,</strong></span> <span class='ocrx_word' id='word_1_98' title='bbox 1651 1307 1826 1377; x_wconf 88' lang='lat' dir='ltr'><strong>haud</strong></span> <span class='ocrx_word' id='word_1_99' title='bbox 1868 1309 2091 1400; x_wconf 89' lang='lat' dir='ltr'><strong>ignoro</strong></span> <span class='ocrx_word' id='word_1_100' title='bbox 2104 1358 2126 1392; x_wconf 94' lang='lat'><strong>,</strong></span> <span class='ocrx_word' id='word_1_101' title='bbox 2178 1306 2293 1375; x_wconf 88' lang='lat' dir='ltr'><strong>sed</strong></span> <span class='ocrx_word' id='word_1_102' title='bbox 2336 1305 2475 1376; x_wconf 90' lang='lat' dir='ltr'><strong>aliis</strong></span> <span class='ocrx_word' id='word_1_103' title='bbox 2516 1308 2711 1400; x_wconf 83' lang='lat' dir='ltr'><strong>signis</strong></span> <span class='ocrx_word' id='word_1_104' title='bbox 2750 1319 3073 1380; x_wconf 76' lang='lat' dir='ltr'><strong>carentem</strong></span> <span class='ocrx_word' id='word_1_105' title='bbox 3115 1311 3367 1382; x_wconf 83' lang='lat' dir='ltr'><strong>incertis</strong></span> 
     </span>
     <span class='ocr_line' id='line_1_10' title="bbox 85 1422 3363 1518; baseline 0.002 -28"><span class='ocrx_word' id='word_1_106' title='bbox 85 1432 464 1490; x_wconf 84' lang='lat' dir='ltr'><strong>contentum</strong></span> <span class='ocrx_word' id='word_1_107' title='bbox 509 1447 652 1492; x_wconf 88' lang='lat' dir='ltr'><strong>esse</strong></span> <span class='ocrx_word' id='word_1_108' title='bbox 697 1434 958 1517; x_wconf 89' lang='lat' dir='ltr'><strong>oportet.</strong></span> <span class='ocrx_word' id='word_1_109' title='bbox 1047 1423 1266 1515; x_wconf 90' lang='lat' dir='ltr'><strong>ltaque</strong></span> <span class='ocrx_word' id='word_1_110' title='bbox 1307 1422 1515 1505; x_wconf 85' lang='lat' dir='ltr'><strong>statui,</strong></span> <span class='ocrx_word' id='word_1_111' title='bbox 1558 1433 1632 1490; x_wconf 87' lang='lat' dir='ltr'><strong>ut</strong></span> <span class='ocrx_word' id='word_1_112' title='bbox 1671 1425 1887 1491; x_wconf 91' lang='lat' dir='ltr'><strong>omnia</strong></span> <span class='ocrx_word' id='word_1_113' title='bbox 1930 1424 2159 1518; x_wconf 87' lang='lat' dir='ltr'><strong>scripta</strong></span> <span class='ocrx_word' id='word_1_114' title='bbox 2200 1425 2265 1491; x_wconf 92' lang='lat' dir='ltr'><strong>in</strong></span> <span class='ocrx_word' id='word_1_115' title='bbox 2312 1423 2540 1515; x_wconf 89' lang='lat' dir='ltr'><strong>quibus</strong></span> <span class='ocrx_word' id='word_1_116' title='bbox 2583 1422 3033 1516; x_wconf 74' lang='lat' dir='ltr'><strong>elegantiorem</strong></span> <span class='ocrx_word' id='word_1_117' title='bbox 3070 1425 3243 1495; x_wconf 76' lang='lat' dir='ltr'><strong>illam</strong></span> <span class='ocrx_word' id='word_1_118' title='bbox 3282 1426 3363 1495; x_wconf 89' lang='lat' dir='ltr'><strong>li-</strong></span> 
     </span>
     <span class='ocr_line' id='line_1_11' title="bbox 85 1539 3365 1630; baseline 0.002 -26"><span class='ocrx_word' id='word_1_119' title='bbox 85 1549 376 1608; x_wconf 87' lang='lat' dir='ltr'><strong>terarum</strong></span> <span class='ocrx_word' id='word_1_120' title='bbox 405 1542 684 1629; x_wconf 87' lang='lat' dir='ltr'><strong>speciem</strong></span> <span class='ocrx_word' id='word_1_121' title='bbox 723 1541 1104 1622; x_wconf 87' lang='lat' dir='ltr'><strong>invenirem,</strong></span> <span class='ocrx_word' id='word_1_122' title='bbox 1147 1539 1266 1606; x_wconf 88' lang='lat' dir='ltr'><strong>nisi</strong></span> <span class='ocrx_word' id='word_1_123' title='bbox 1293 1546 1468 1605; x_wconf 88' lang='lat' dir='ltr'><strong>certa</strong></span> <span class='ocrx_word' id='word_1_124' title='bbox 1495 1547 1871 1630; x_wconf 89' lang='lat' dir='ltr'><strong>argumenta</strong></span> <span class='ocrx_word' id='word_1_125' title='bbox 1912 1539 2297 1606; x_wconf 89' lang='lat' dir='ltr'><strong>contrarium</strong></span> <span class='ocrx_word' id='word_1_126' title='bbox 2336 1539 2703 1624; x_wconf 78' lang='lat' dir='ltr'><strong>suaderent,</strong></span> <span class='ocrx_word' id='word_1_127' title='bbox 2740 1542 2819 1608; x_wconf 90' lang='lat' dir='ltr'><strong>iis</strong></span> <span class='ocrx_word' id='word_1_128' title='bbox 2858 1541 3365 1627; x_wconf 85' lang='lat' dir='ltr'><strong>adnumerarem,</strong></span> 
     </span>
     <span class='ocr_line' id='line_1_12' title="bbox 85 1651 3364 1746; baseline 0.002 -24"><span class='ocrx_word' id='word_1_129' title='bbox 85 1677 250 1746; x_wconf 83' lang='lat' dir='ltr'><strong>quae</strong></span> <span class='ocrx_word' id='word_1_130' title='bbox 311 1663 472 1722; x_wconf 82' lang='lat' dir='ltr'><strong>ante</strong></span> <span class='ocrx_word' id='word_1_131' title='bbox 522 1655 760 1724; x_wconf 87' lang='lat' dir='ltr'><strong>saeculi</strong></span> <span class='ocrx_word' id='word_1_132' title='bbox 809 1654 1004 1724; x_wconf 86' lang='lat' dir='ltr'><strong>finem</strong></span> <span class='ocrx_word' id='word_1_133' title='bbox 1057 1656 1416 1743; x_wconf 85' lang='lat' dir='ltr'><strong>conscripta</strong></span> <span class='ocrx_word' id='word_1_134' title='bbox 1469 1661 1702 1721; x_wconf 81' lang='lat' dir='ltr'><strong>essent.</strong></span> <span class='ocrx_word' id='word_1_135' title='bbox 1787 1653 1983 1746; x_wconf 81' lang='lat' dir='ltr'><strong>Atqui</strong></span> <span class='ocrx_word' id='word_1_136' title='bbox 2040 1651 2123 1722; x_wconf 92' lang='lat' dir='ltr'><strong>de</strong></span> <span class='ocrx_word' id='word_1_137' title='bbox 2174 1654 2453 1720; x_wconf 82' lang='lat' dir='ltr'><strong>maxima</strong></span> <span class='ocrx_word' id='word_1_138' title='bbox 2496 1665 2671 1746; x_wconf 87' lang='lat' dir='ltr'><strong>parte</strong></span> <span class='ocrx_word' id='word_1_139' title='bbox 2714 1666 3091 1728; x_wconf 73' lang='lat' dir='ltr'><strong>tractatuum</strong></span> <span class='ocrx_word' id='word_1_140' title='bbox 3132 1658 3364 1730; x_wconf 83' lang='lat' dir='ltr'><strong>subse-</strong></span> 
     </span>
     <span class='ocr_line' id='line_1_13' title="bbox 87 1767 3367 1867; baseline 0.002 -31"><span class='ocrx_word' id='word_1_141' title='bbox 87 1771 426 1860; x_wconf 86' lang='lat' dir='ltr'><strong>quentium</strong></span> <span class='ocrx_word' id='word_1_142' title='bbox 467 1767 594 1838; x_wconf 89' lang='lat' dir='ltr'><strong>hoc</strong></span> <span class='ocrx_word' id='word_1_143' title='bbox 634 1769 816 1838; x_wconf 84' lang='lat' dir='ltr'><strong>valet.</strong></span> <span class='ocrx_word' id='word_1_144' title='bbox 887 1769 1125 1862; x_wconf 88' lang='lat' dir='ltr'><strong>ltaque,</strong></span> <span class='ocrx_word' id='word_1_145' title='bbox 1167 1791 1319 1838; x_wconf 88' lang='lat' dir='ltr'><strong>cum</strong></span> <span class='ocrx_word' id='word_1_146' title='bbox 1361 1789 1558 1859; x_wconf 89' lang='lat' dir='ltr'><strong>supra</strong></span> <span class='ocrx_word' id='word_1_147' title='bbox 1599 1767 1840 1836; x_wconf 88' lang='lat' dir='ltr'><strong>dictum</strong></span> <span class='ocrx_word' id='word_1_148' title='bbox 1884 1770 1966 1836; x_wconf 88' lang='lat' dir='ltr'><strong>sit</strong></span> <span class='ocrx_word' id='word_1_149' title='bbox 2004 1789 2123 1836; x_wconf 86' lang='lat' dir='ltr'><strong>cur</strong></span> <span class='ocrx_word' id='word_1_150' title='bbox 2150 1789 2377 1836; x_wconf 87' lang='lat' dir='ltr'><strong>omnes</strong></span> <span class='ocrx_word' id='word_1_151' title='bbox 2404 1768 2485 1836; x_wconf 87' lang='lat' dir='ltr'><strong>de</strong></span> <span class='ocrx_word' id='word_1_152' title='bbox 2514 1771 2771 1838; x_wconf 86' lang='lat' dir='ltr'><strong>scientia</strong></span> <span class='ocrx_word' id='word_1_153' title='bbox 2798 1771 3075 1864; x_wconf 82' lang='lat' dir='ltr'><strong>generali</strong></span> <span class='ocrx_word' id='word_1_154' title='bbox 3098 1776 3367 1867; x_wconf 75' lang='lat' dir='ltr'><strong>scriptos</strong></span> 
     </span>
     <span class='ocr_line' id='line_1_14' title="bbox 83 1880 3365 1980; baseline 0.001 -23"><span class='ocrx_word' id='word_1_155' title='bbox 83 1887 152 1957; x_wconf 83' lang='lat' dir='ltr'><strong>in</strong></span> <span class='ocrx_word' id='word_1_156' title='bbox 205 1884 495 1954; x_wconf 74' lang='lat' dir='ltr'><strong>eimdem</strong></span> <span class='ocrx_word' id='word_1_157' title='bbox 548 1883 766 1955; x_wconf 90' lang='lat' dir='ltr'><strong>locum</strong></span> <span class='ocrx_word' id='word_1_158' title='bbox 818 1883 1296 1979; x_wconf 85' lang='lat' dir='ltr'><strong>congregandos</strong></span> <span class='ocrx_word' id='word_1_159' title='bbox 1349 1883 1737 1976; x_wconf 78' lang='lat' dir='ltr'><strong>putaverim,</strong></span> <span class='ocrx_word' id='word_1_160' title='bbox 1789 1905 1985 1975; x_wconf 89' lang='lat' dir='ltr'><strong>spero</strong></span> <span class='ocrx_word' id='word_1_161' title='bbox 2038 1880 2345 1952; x_wconf 88' lang='lat' dir='ltr'><strong>lectorem</strong></span> <span class='ocrx_word' id='word_1_162' title='bbox 2400 1881 2483 1952; x_wconf 90' lang='lat' dir='ltr'><strong>de</strong></span> <span class='ocrx_word' id='word_1_163' title='bbox 2533 1881 2679 1953; x_wconf 89' lang='lat' dir='ltr'><strong>loco</strong></span> <span class='ocrx_word' id='word_1_164' title='bbox 2732 1885 2810 1953; x_wconf 87' lang='lat' dir='ltr'><strong>iis</strong></span> <span class='ocrx_word' id='word_1_165' title='bbox 2864 1887 3181 1980; x_wconf 85' lang='lat' dir='ltr'><strong>assignato</strong></span> <span class='ocrx_word' id='word_1_166' title='bbox 3233 1911 3365 1962; x_wconf 88' lang='lat' dir='ltr'><strong>non</strong></span> 
     </span>
     <span class='ocr_line' id='line_1_15' title="bbox 85 1997 1773 2092; baseline -0.002 -24"><span class='ocrx_word' id='word_1_167' title='bbox 85 2003 218 2068; x_wconf 88' lang='lat' dir='ltr'><strong>fore</strong></span> <span class='ocrx_word' id='word_1_168' title='bbox 259 2001 526 2068; x_wconf 87' lang='lat' dir='ltr'><strong>iratum.</strong></span> <span class='ocrx_word' id='word_1_169' title='bbox 611 1999 890 2092; x_wconf 85' lang='lat' dir='ltr'><strong>Pergam</strong></span> <span class='ocrx_word' id='word_1_170' title='bbox 929 2003 996 2070; x_wconf 90' lang='lat' dir='ltr'><strong>in</strong></span> <span class='ocrx_word' id='word_1_171' title='bbox 1039 1997 1484 2070; x_wconf 85' lang='lat' dir='ltr'><strong>enumerandis</strong></span> <span class='ocrx_word' id='word_1_172' title='bbox 1523 1997 1773 2067; x_wconf 84' lang='lat' dir='ltr'><strong>libellis:</strong></span> 
     </span>
    </p>

    <p class='ocr_par' dir='ltr' id='par_1_3' title="bbox 81 2111 3370 3135">
     <span class='ocr_line' id='line_1_16' title="bbox 257 2111 3365 2207; baseline 0.001 -23"><span class='ocrx_word' id='word_1_173' title='bbox 257 2114 384 2184; x_wconf 86' lang='lat' dir='ltr'><strong>xl.</strong></span> <span class='ocrx_word' id='word_1_174' title='bbox 431 2114 552 2184; x_wconf 89' lang='lat' dir='ltr'><strong>De</strong></span> <span class='ocrx_word' id='word_1_175' title='bbox 593 2117 934 2186; x_wconf 88' lang='lat' dir='ltr'><strong>scientia</strong></span> <span class='ocrx_word' id='word_1_176' title='bbox 976 2113 1418 2186; x_wconf 81' lang='lat' dir='ltr'><strong>universali</strong></span> <span class='ocrx_word' id='word_1_177' title='bbox 1459 2137 1608 2184; x_wconf 88' lang='lat' dir='ltr'><strong>seu</strong></span> <span class='ocrx_word' id='word_1_178' title='bbox 1649 2112 1961 2184; x_wconf 86' lang='lat' dir='ltr'><strong>calculo</strong></span> <span class='ocrx_word' id='word_1_179' title='bbox 2004 2111 2581 2207; x_wconf 87' lang='lat' dir='ltr'><strong>philosophico.</strong></span> <span class='ocrx_word' id='word_1_180' title='bbox 2653 2113 2839 2184; x_wconf 87' lang='lat' dir='ltr'><strong>Hanc</strong></span> <span class='ocrx_word' id='word_1_181' title='bbox 2879 2119 3365 2188; x_wconf 88' lang='lat' dir='ltr'><strong>commentatio-</strong></span> 
     </span>
     <span class='ocr_line' id='line_1_17' title="bbox 81 2228 3365 2326; baseline 0.002 -26"><span class='ocrx_word' id='word_1_182' title='bbox 81 2253 258 2315; x_wconf 89' lang='lat' dir='ltr'><strong>nem,</strong></span> <span class='ocrx_word' id='word_1_183' title='bbox 305 2233 420 2300; x_wconf 91' lang='lat' dir='ltr'><strong>cui</strong></span> <span class='ocrx_word' id='word_1_184' title='bbox 461 2255 584 2326; x_wconf 85' lang='lat' dir='ltr'><strong>ego</strong></span> <span class='ocrx_word' id='word_1_185' title='bbox 628 2229 878 2300; x_wconf 85' lang='lat' dir='ltr'><strong>titulum</strong></span> <span class='ocrx_word' id='word_1_186' title='bbox 917 2231 1130 2317; x_wconf 85' lang='lat' dir='ltr'><strong>indidi,</strong></span> <span class='ocrx_word' id='word_1_187' title='bbox 1171 2253 1324 2300; x_wconf 89' lang='lat' dir='ltr'><strong>cum</strong></span> <span class='ocrx_word' id='word_1_188' title='bbox 1364 2229 1600 2300; x_wconf 80' lang='lat' dir='ltr'><strong>scheda</strong></span> <span class='ocrx_word' id='word_1_189' title='bbox 1639 2228 2031 2299; x_wconf 88' lang='lat' dir='ltr'><strong>Leibnitiana</strong></span> <span class='ocrx_word' id='word_1_190' title='bbox 2070 2231 2475 2322; x_wconf 83' lang='lat' dir='ltr'><strong>inscriptione</strong></span> <span class='ocrx_word' id='word_1_191' title='bbox 2514 2237 2747 2314; x_wconf 88' lang='lat' dir='ltr'><strong>careat,</strong></span> <span class='ocrx_word' id='word_1_192' title='bbox 2784 2231 2851 2300; x_wconf 88' lang='lat' dir='ltr'><strong>in</strong></span> <span class='ocrx_word' id='word_1_193' title='bbox 2890 2235 3097 2302; x_wconf 84' lang='lat' dir='ltr'><strong>fronte</strong></span> <span class='ocrx_word' id='word_1_194' title='bbox 3132 2231 3365 2306; x_wconf 90' lang='lat' dir='ltr'><strong>horum</strong></span> 
     </span>
     <span class='ocr_line' id='line_1_18' title="bbox 81 2344 3365 2440; baseline 0.002 -24"><span class='ocrx_word' id='word_1_195' title='bbox 81 2351 594 2439; x_wconf 67' lang='lat' dir='ltr'><strong>fragmentorum</strong></span> <span class='ocrx_word' id='word_1_196' title='bbox 645 2349 861 2440; x_wconf 85' lang='lat' dir='ltr'><strong>posui,</strong></span> <span class='ocrx_word' id='word_1_197' title='bbox 915 2347 1066 2438; x_wconf 90' lang='lat' dir='ltr'><strong>quia</strong></span> <span class='ocrx_word' id='word_1_198' title='bbox 1119 2345 1273 2439; x_wconf 90' lang='lat' dir='ltr'><strong>quid</strong></span> <span class='ocrx_word' id='word_1_199' title='bbox 1329 2345 1446 2416; x_wconf 88' lang='lat' dir='ltr'><strong>sibi</strong></span> <span class='ocrx_word' id='word_1_200' title='bbox 1501 2345 1652 2416; x_wconf 85' lang='lat' dir='ltr'><strong>velit</strong></span> <span class='ocrx_word' id='word_1_201' title='bbox 1699 2345 1808 2416; x_wconf 84' lang='lat' dir='ltr'><strong>ille</strong></span> <span class='ocrx_word' id='word_1_202' title='bbox 1859 2344 2149 2416; x_wconf 85' lang='lat' dir='ltr'><strong>calculus</strong></span> <span class='ocrx_word' id='word_1_203' title='bbox 2188 2344 2489 2428; x_wconf 88' lang='lat' dir='ltr'><strong>delineat,</strong></span> <span class='ocrx_word' id='word_1_204' title='bbox 2540 2356 2733 2438; x_wconf 88' lang='lat' dir='ltr'><strong>atque</strong></span> <span class='ocrx_word' id='word_1_205' title='bbox 2786 2348 2987 2440; x_wconf 69' lang='lat' dir='ltr'><strong>reJicit</strong></span> <span class='ocrx_word' id='word_1_206' title='bbox 3022 2347 3365 2421; x_wconf 80' lang='lat' dir='ltr'><strong>absurdam</strong></span> 
     </span>
     <span class='ocr_line' id='line_1_19' title="bbox 83 2459 3370 2557; baseline 0.002 -27"><span class='ocrx_word' id='word_1_207' title='bbox 83 2464 648 2554; x_wconf 83' lang='lat' dir='ltr'><strong>consequentiam,</strong></span> <span class='ocrx_word' id='word_1_208' title='bbox 713 2463 896 2557; x_wconf 84' lang='lat' dir='ltr'><strong>quasi</strong></span> <span class='ocrx_word' id='word_1_209' title='bbox 947 2485 1066 2555; x_wconf 87' lang='lat' dir='ltr'><strong>per</strong></span> <span class='ocrx_word' id='word_1_210' title='bbox 1113 2460 1295 2532; x_wconf 89' lang='lat' dir='ltr'><strong>illum</strong></span> <span class='ocrx_word' id='word_1_211' title='bbox 1347 2459 1666 2531; x_wconf 74' lang='lat' dir='ltr'><strong>calculum</strong></span> <span class='ocrx_word' id='word_1_212' title='bbox 1717 2485 1929 2532; x_wconf 84' lang='lat' dir='ltr'><strong>novae</strong></span> <span class='ocrx_word' id='word_1_213' title='bbox 1980 2463 2275 2530; x_wconf 86' lang='lat' dir='ltr'><strong>veritates</strong></span> <span class='ocrx_word' id='word_1_214' title='bbox 2312 2463 2519 2530; x_wconf 89' lang='lat' dir='ltr'><strong>creari</strong></span> <span class='ocrx_word' id='word_1_215' title='bbox 2556 2463 2800 2555; x_wconf 79' lang='lat' dir='ltr'><strong>possint</strong></span> <span class='ocrx_word' id='word_1_216' title='bbox 2840 2464 2979 2534; x_wconf 83' lang='lat' dir='ltr'><strong>sine</strong></span> <span class='ocrx_word' id='word_1_217' title='bbox 3030 2461 3249 2534; x_wconf 87' lang='lat' dir='ltr'><strong>labore</strong></span> <span class='ocrx_word' id='word_1_218' title='bbox 3300 2473 3370 2536; x_wconf 89' lang='lat' dir='ltr'><strong>et</strong></span> 
     </span>
     <span class='ocr_line' id='line_1_20' title="bbox 85 2574 3367 2672; baseline 0.001 -25"><span class='ocrx_word' id='word_1_219' title='bbox 85 2580 304 2647; x_wconf 90' lang='lat' dir='ltr'><strong>omnis</strong></span> <span class='ocrx_word' id='word_1_220' title='bbox 373 2578 776 2672; x_wconf 84' lang='lat' dir='ltr'><strong>ingeniorum</strong></span> <span class='ocrx_word' id='word_1_221' title='bbox 837 2577 1166 2648; x_wconf 82' lang='lat' dir='ltr'><strong>diversitas</strong></span> <span class='ocrx_word' id='word_1_222' title='bbox 1225 2576 1362 2648; x_wconf 91' lang='lat' dir='ltr'><strong>tolli</strong></span> <span class='ocrx_word' id='word_1_223' title='bbox 1413 2574 1661 2647; x_wconf 80' lang='lat' dir='ltr'><strong>debeat.</strong></span> <span class='ocrx_word' id='word_1_224' title='bbox 1747 2577 1923 2646; x_wconf 87' lang='lat' dir='ltr'><strong>Citat</strong></span> <span class='ocrx_word' id='word_1_225' title='bbox 1982 2588 2186 2647; x_wconf 87' lang='lat' dir='ltr'><strong>artem</strong></span> <span class='ocrx_word' id='word_1_226' title='bbox 2226 2575 2747 2646; x_wconf 87' lang='lat' dir='ltr'><strong>combinatoriam</strong></span> <span class='ocrx_word' id='word_1_227' title='bbox 2798 2587 3127 2671; x_wconf 86' lang='lat' dir='ltr'><strong>tamquam</strong></span> <span class='ocrx_word' id='word_1_228' title='bbox 3180 2579 3367 2652; x_wconf 88' lang='lat' dir='ltr'><strong>olim</strong></span> 
     </span>
     <span class='ocr_line' id='line_1_21' title="bbox 87 2690 3365 2787; baseline 0.001 -26"><span class='ocrx_word' id='word_1_229' title='bbox 87 2695 544 2786; x_wconf 82' lang='lat' dir='ltr'><strong>compositam,</strong></span> <span class='ocrx_word' id='word_1_230' title='bbox 601 2695 750 2764; x_wconf 87' lang='lat' dir='ltr'><strong>citat</strong></span> <span class='ocrx_word' id='word_1_231' title='bbox 791 2694 982 2762; x_wconf 87' lang='lat' dir='ltr'><strong>etiam</strong></span> <span class='ocrx_word' id='word_1_232' title='bbox 1023 2691 1462 2764; x_wconf 87' lang='lat' dir='ltr'><strong>Meditationes</strong></span> <span class='ocrx_word' id='word_1_233' title='bbox 1503 2715 1670 2762; x_wconf 87' lang='lat' dir='ltr'><strong>anno</strong></span> <span class='ocrx_word' id='word_1_234' title='bbox 1716 2696 1911 2763; x_wconf 77' lang='lat'><strong>1684.</strong></span> <span class='ocrx_word' id='word_1_235' title='bbox 1954 2693 2111 2762; x_wconf 84' lang='lat' dir='ltr'><strong>actis</strong></span> <span class='ocrx_word' id='word_1_236' title='bbox 2150 2691 2561 2762; x_wconf 87' lang='lat' dir='ltr'><strong>Eruditorum</strong></span> <span class='ocrx_word' id='word_1_237' title='bbox 2601 2690 3026 2787; x_wconf 87' lang='lat' dir='ltr'><strong>Lipsiensium</strong></span> <span class='ocrx_word' id='word_1_238' title='bbox 3076 2697 3365 2781; x_wconf 84' lang='lat' dir='ltr'><strong>insertas,</strong></span> 
     </span>
     <span class='ocr_line' id='line_1_22' title="bbox 93 2807 3363 2904; baseline 0 -26"><span class='ocrx_word' id='word_1_239' title='bbox 93 2809 208 2878; x_wconf 84' lang='lat' dir='ltr'><strong>scd</strong></span> <span class='ocrx_word' id='word_1_240' title='bbox 265 2833 400 2879; x_wconf 91' lang='lat' dir='ltr'><strong>non</strong></span> <span class='ocrx_word' id='word_1_241' title='bbox 451 2809 687 2880; x_wconf 86' lang='lat' dir='ltr'><strong>indicat</strong></span> <span class='ocrx_word' id='word_1_242' title='bbox 738 2819 1048 2901; x_wconf 89' lang='lat' dir='ltr'><strong>quantum</strong></span> <span class='ocrx_word' id='word_1_243' title='bbox 1087 2811 1390 2902; x_wconf 87' lang='lat' dir='ltr'><strong>temporis</strong></span> <span class='ocrx_word' id='word_1_244' title='bbox 1431 2807 1663 2878; x_wconf 84' lang='lat' dir='ltr'><strong>exinde</strong></span> <span class='ocrx_word' id='word_1_245' title='bbox 1705 2807 2014 2878; x_wconf 77' lang='lat' dir='ltr'><strong>effluxerit</strong></span> <span class='ocrx_word' id='word_1_246' title='bbox 2028 2857 2051 2892; x_wconf 96' lang='lat'><strong>,</strong></span> <span class='ocrx_word' id='word_1_247' title='bbox 2088 2809 2177 2876; x_wconf 88' lang='lat' dir='ltr'><strong>ita</strong></span> <span class='ocrx_word' id='word_1_248' title='bbox 2216 2819 2289 2876; x_wconf 89' lang='lat' dir='ltr'><strong>ut</strong></span> <span class='ocrx_word' id='word_1_249' title='bbox 2343 2811 2451 2877; x_wconf 88' lang='lat' dir='ltr'><strong>vix</strong></span> <span class='ocrx_word' id='word_1_250' title='bbox 2494 2807 2843 2902; x_wconf 86' lang='lat' dir='ltr'><strong>quidquam</strong></span> <span class='ocrx_word' id='word_1_251' title='bbox 2884 2812 3111 2904; x_wconf 83' lang='lat' dir='ltr'><strong>conjici</strong></span> <span class='ocrx_word' id='word_1_252' title='bbox 3150 2813 3363 2903; x_wconf 81' lang='lat' dir='ltr'><strong>possit.</strong></span> 
     </span>
     <span class='ocr_line' id='line_1_23' title="bbox 93 2923 3362 3020; baseline 0.002 -26"><span class='ocrx_word' id='word_1_253' title='bbox 93 2926 192 2994; x_wconf 79' lang='lat' dir='ltr'><strong>Ex</strong></span> <span class='ocrx_word' id='word_1_254' title='bbox 231 2926 360 2995; x_wconf 78' lang='lat' dir='ltr'><strong>illis</strong></span> <span class='ocrx_word' id='word_1_255' title='bbox 401 2950 570 3020; x_wconf 88' lang='lat' dir='ltr'><strong>quae</strong></span> <span class='ocrx_word' id='word_1_256' title='bbox 609 2923 694 2995; x_wconf 88' lang='lat' dir='ltr'><strong>de</strong></span> <span class='ocrx_word' id='word_1_257' title='bbox 747 2926 984 2995; x_wconf 87' lang='lat' dir='ltr'><strong>meritis</strong></span> <span class='ocrx_word' id='word_1_258' title='bbox 1039 2928 1174 2994; x_wconf 87' lang='lat' dir='ltr'><strong>suis</strong></span> <span class='ocrx_word' id='word_1_259' title='bbox 1221 2926 1290 2996; x_wconf 90' lang='lat' dir='ltr'><strong>in</strong></span> <span class='ocrx_word' id='word_1_260' title='bbox 1344 2923 1589 3016; x_wconf 84' lang='lat' dir='ltr'><strong>analysi</strong></span> <span class='ocrx_word' id='word_1_261' title='bbox 1640 2925 1816 3010; x_wconf 90' lang='lat' dir='ltr'><strong>dicit,</strong></span> <span class='ocrx_word' id='word_1_262' title='bbox 1870 2926 2249 3017; x_wconf 87' lang='lat' dir='ltr'><strong>conjecerim</strong></span> <span class='ocrx_word' id='word_1_263' title='bbox 2290 2923 2417 2995; x_wconf 85' lang='lat' dir='ltr'><strong>hoc</strong></span> <span class='ocrx_word' id='word_1_264' title='bbox 2456 2928 2881 3020; x_wconf 81' lang='lat' dir='ltr'><strong>fragmentum</strong></span> <span class='ocrx_word' id='word_1_265' title='bbox 2924 2923 3117 3020; x_wconf 87' lang='lat' dir='ltr'><strong>paulo</strong></span> <span class='ocrx_word' id='word_1_266' title='bbox 3159 2930 3362 2999; x_wconf 86' lang='lat' dir='ltr'><strong>serius</strong></span> 
     </span>
     <span class='ocr_line' id='line_1_24' title="bbox 89 3038 1631 3135; baseline -0.001 -27"><span class='ocrx_word' id='word_1_267' title='bbox 89 3045 401 3135; x_wconf 88' lang='lat' dir='ltr'><strong>scriptum</strong></span> <span class='ocrx_word' id='word_1_268' title='bbox 441 3066 586 3111; x_wconf 87' lang='lat' dir='ltr'><strong>esse</strong></span> <span class='ocrx_word' id='word_1_269' title='bbox 631 3065 826 3135; x_wconf 86' lang='lat' dir='ltr'><strong>quam</strong></span> <span class='ocrx_word' id='word_1_270' title='bbox 870 3044 1271 3133; x_wconf 87' lang='lat' dir='ltr'><strong>sequentium</strong></span> <span class='ocrx_word' id='word_1_271' title='bbox 1311 3038 1631 3113; x_wconf 87' lang='lat' dir='ltr'><strong>nonnulla.</strong></span> 
     </span>
    </p>

    <p class='ocr_par' dir='ltr' id='par_1_4' title="bbox 87 3155 3367 3828">
     <span class='ocr_line' id='line_1_25' title="bbox 269 3155 3359 3253; baseline 0 -27"><span class='ocrx_word' id='word_1_272' title='bbox 269 3156 416 3226; x_wconf 84' lang='grc' dir='ltr'><strong>ΧΠ.</strong></span> <span class='ocrx_word' id='word_1_273' title='bbox 467 3158 702 3228; x_wconf 87' lang='lat' dir='ltr'><strong>Initia</strong></span> <span class='ocrx_word' id='word_1_274' title='bbox 753 3159 1142 3227; x_wconf 81' lang='lat' dir='ltr'><strong>scientiae</strong></span> <span class='ocrx_word' id='word_1_275' title='bbox 1194 3155 1600 3250; x_wconf 82' lang='lat' dir='ltr'><strong>generalis</strong></span> <span class='ocrx_word' id='word_1_276' title='bbox 1653 3155 1748 3228; x_wconf 91' lang='lat' dir='ltr'><strong>de</strong></span> <span class='ocrx_word' id='word_1_277' title='bbox 1801 3178 2011 3226; x_wconf 82' lang='lat' dir='ltr'><strong>nova</strong></span> <span class='ocrx_word' id='word_1_278' title='bbox 2050 3156 2363 3225; x_wconf 89' lang='lat' dir='ltr'><strong>ratione</strong></span> <span class='ocrx_word' id='word_1_279' title='bbox 2404 3156 3015 3226; x_wconf 80' lang='lat' dir='ltr'><strong>instaurationis</strong></span> <span class='ocrx_word' id='word_1_280' title='bbox 3056 3167 3135 3226; x_wconf 87' lang='lat' dir='ltr'><strong>et</strong></span> <span class='ocrx_word' id='word_1_281' title='bbox 3176 3180 3359 3253; x_wconf 86' lang='lat' dir='ltr'><strong>aug-</strong></span> 
     </span>
     <span class='ocr_line' id='line_1_26' title="bbox 87 3271 3361 3367; baseline 0.001 -26"><span class='ocrx_word' id='word_1_282' title='bbox 87 3274 610 3343; x_wconf 86' lang='lat' dir='ltr'><strong>mentationis</strong></span> <span class='ocrx_word' id='word_1_283' title='bbox 663 3274 1222 3356; x_wconf 84' lang='lat' dir='ltr'><strong>scientiarum,</strong></span> <span class='ocrx_word' id='word_1_284' title='bbox 1273 3275 1386 3341; x_wconf 86' lang='lat' dir='ltr'><strong>ita</strong></span> <span class='ocrx_word' id='word_1_285' title='bbox 1439 3282 1525 3342; x_wconf 89' lang='lat' dir='ltr'><strong>ut</strong></span> <span class='ocrx_word' id='word_1_286' title='bbox 1575 3273 1867 3367; x_wconf 83' lang='lat' dir='ltr'><strong>exiguo</strong></span> <span class='ocrx_word' id='word_1_287' title='bbox 1922 3282 2269 3363; x_wconf 87' lang='lat' dir='ltr'><strong>tempore</strong></span> <span class='ocrx_word' id='word_1_288' title='bbox 2322 3281 2403 3340; x_wconf 88' lang='lat' dir='ltr'><strong>et</strong></span> <span class='ocrx_word' id='word_1_289' title='bbox 2442 3272 2793 3363; x_wconf 86' lang='lat' dir='ltr'><strong>negotio,</strong></span> <span class='ocrx_word' id='word_1_290' title='bbox 2850 3272 2916 3340; x_wconf 87' lang='lat' dir='ltr'><strong>si</strong></span> <span class='ocrx_word' id='word_1_291' title='bbox 2956 3271 3187 3342; x_wconf 88' lang='lat' dir='ltr'><strong>modo</strong></span> <span class='ocrx_word' id='word_1_292' title='bbox 3230 3296 3361 3345; x_wconf 81' lang='lat' dir='ltr'><strong>ve·-</strong></span> 
     </span>
     <span class='ocr_line' id='line_1_27' title="bbox 93 3384 3361 3482; baseline 0.001 -27"><span class='ocrx_word' id='word_1_293' title='bbox 93 3388 239 3458; x_wconf 88' lang='lat' dir='ltr'><strong>lint</strong></span> <span class='ocrx_word' id='word_1_294' title='bbox 315 3388 720 3472; x_wconf 88' lang='lat' dir='ltr'><strong>homines,</strong></span> <span class='ocrx_word' id='word_1_295' title='bbox 795 3410 1070 3482; x_wconf 87' lang='lat' dir='ltr'><strong>magna</strong></span> <span class='ocrx_word' id='word_1_296' title='bbox 1147 3390 1532 3480; x_wconf 86' lang='lat' dir='ltr'><strong>praestari</strong></span> <span class='ocrx_word' id='word_1_297' title='bbox 1607 3390 1917 3481; x_wconf 82' lang='lat' dir='ltr'><strong>possint</strong></span> <span class='ocrx_word' id='word_1_298' title='bbox 1990 3384 2087 3455; x_wconf 86' lang='lat' dir='ltr'><strong>ad</strong></span> <span class='ocrx_word' id='word_1_299' title='bbox 2160 3384 2577 3455; x_wconf 81' lang='lat' dir='ltr'><strong>felicitatis</strong></span> <span class='ocrx_word' id='word_1_300' title='bbox 2638 3384 3023 3458; x_wconf 85' lang='lat' dir='ltr'><strong>humanae</strong></span> <span class='ocrx_word' id='word_1_301' title='bbox 3092 3388 3361 3459; x_wconf 88' lang='lat' dir='ltr'><strong>incre·</strong></span> 
     </span>
     <span class='ocr_line' id='line_1_28' title="bbox 97 3500 3361 3597; baseline 0.001 -26"><span class='ocrx_word' id='word_1_302' title='bbox 97 3515 464 3573; x_wconf 87' lang='lat' dir='ltr'><strong>mentum.</strong></span> <span class='ocrx_word' id='word_1_303' title='bbox 519 3544 612 3557; x_wconf 94' lang='lat'><strong>—</strong></span> <span class='ocrx_word' id='word_1_304' title='bbox 695 3504 982 3573; x_wconf 89' lang='lat' dir='ltr'><strong>Titulum</strong></span> <span class='ocrx_word' id='word_1_305' title='bbox 1033 3502 1206 3573; x_wconf 89' lang='lat' dir='ltr'><strong>hunc</strong></span> <span class='ocrx_word' id='word_1_306' title='bbox 1249 3501 1602 3596; x_wconf 86' lang='lat' dir='ltr'><strong>longiorem</strong></span> <span class='ocrx_word' id='word_1_307' title='bbox 1667 3504 1808 3597; x_wconf 87' lang='lat' dir='ltr'><strong>ipse</strong></span> <span class='ocrx_word' id='word_1_308' title='bbox 1862 3500 2208 3573; x_wconf 83' lang='lat' dir='ltr'><strong>Leibnitius</strong></span> <span class='ocrx_word' id='word_1_309' title='bbox 2257 3505 2609 3595; x_wconf 84' lang='lat' dir='ltr'><strong>fragmento</strong></span> <span class='ocrx_word' id='word_1_310' title='bbox 2662 3500 2912 3589; x_wconf 86' lang='lat' dir='ltr'><strong>indidit,</strong></span> <span class='ocrx_word' id='word_1_311' title='bbox 2964 3502 3140 3597; x_wconf 85' lang='lat' dir='ltr'><strong>quod</strong></span> <span class='ocrx_word' id='word_1_312' title='bbox 3194 3515 3361 3574; x_wconf 87' lang='lat' dir='ltr'><strong>tam-</strong></span> 
     </span>
     <span class='ocr_line' id='line_1_29' title="bbox 99 3616 3367 3713; baseline 0.001 -26"><span class='ocrx_word' id='word_1_313' title='bbox 99 3644 300 3712; x_wconf 87' lang='lat' dir='ltr'><strong>quam</strong></span> <span class='ocrx_word' id='word_1_314' title='bbox 339 3620 616 3691; x_wconf 88' lang='lat' dir='ltr'><strong>indicem</strong></span> <span class='ocrx_word' id='word_1_315' title='bbox 655 3622 932 3691; x_wconf 90' lang='lat' dir='ltr'><strong>continet</strong></span> <span class='ocrx_word' id='word_1_316' title='bbox 970 3618 1074 3689; x_wconf 85' lang='lat' dir='ltr'><strong>vel</strong></span> <span class='ocrx_word' id='word_1_317' title='bbox 1116 3621 1595 3713; x_wconf 88' lang='lat' dir='ltr'><strong>promissionem</strong></span> <span class='ocrx_word' id='word_1_318' title='bbox 1637 3641 1867 3688; x_wconf 87' lang='lat' dir='ltr'><strong>eorum</strong></span> <span class='ocrx_word' id='word_1_319' title='bbox 1908 3642 2095 3711; x_wconf 88' lang='lat' dir='ltr'><strong>quae,</strong></span> <span class='ocrx_word' id='word_1_320' title='bbox 2138 3620 2397 3688; x_wconf 89' lang='lat' dir='ltr'><strong>scientia</strong></span> <span class='ocrx_word' id='word_1_321' title='bbox 2437 3616 2751 3713; x_wconf 86' lang='lat' dir='ltr'><strong>generalis</strong></span> <span class='ocrx_word' id='word_1_322' title='bbox 2777 3628 3099 3709; x_wconf 86' lang='lat' dir='ltr'><strong>praestare</strong></span> <span class='ocrx_word' id='word_1_323' title='bbox 3138 3617 3367 3689; x_wconf 86' lang='lat' dir='ltr'><strong>debeat</strong></span> 
     </span>
     <span class='ocr_line' id='line_1_30' title="bbox 100 3746 466 3828; baseline 0 -24"><span class='ocrx_word' id='word_1_324' title='bbox 100 3748 206 3805; x_wconf 87' lang='lat' dir='ltr'><strong>aut</strong></span> <span class='ocrx_word' id='word_1_325' title='bbox 252 3746 466 3828; x_wconf 85' lang='lat' dir='ltr'><strong>queat.</strong></span> 
     </span>
    </p>

    <p class='ocr_par' dir='ltr' id='par_1_5' title="bbox 101 3846 3363 4061">
     <span class='ocr_line' id='line_1_31' title="bbox 275 3846 3363 3941; baseline -0.002 -19"><span class='ocrx_word' id='word_1_326' title='bbox 275 3851 444 3922; x_wconf 83' lang='lat' dir='ltr'>XIII.</span> <span class='ocrx_word' id='word_1_327' title='bbox 508 3852 628 3921; x_wconf 90' lang='lat' dir='ltr'><strong>De</strong></span> <span class='ocrx_word' id='word_1_328' title='bbox 681 3862 964 3922; x_wconf 87' lang='lat' dir='ltr'><strong>natura</strong></span> <span class='ocrx_word' id='word_1_329' title='bbox 1021 3861 1096 3919; x_wconf 91' lang='lat' dir='ltr'><strong>et</strong></span> <span class='ocrx_word' id='word_1_330' title='bbox 1147 3873 1296 3919; x_wconf 88' lang='lat' dir='ltr'><strong>usu</strong></span> <span class='ocrx_word' id='word_1_331' title='bbox 1351 3850 1738 3919; x_wconf 88' lang='lat' dir='ltr'><strong>scientiae</strong></span> <span class='ocrx_word' id='word_1_332' title='bbox 1802 3846 2221 3941; x_wconf 86' lang='lat' dir='ltr'><strong>generalis.</strong></span> <span class='ocrx_word' id='word_1_333' title='bbox 2310 3846 2720 3937; x_wconf 86' lang='lat' dir='ltr'><strong>Inscricriptio</strong></span> <span class='ocrx_word' id='word_1_334' title='bbox 2776 3870 2927 3917; x_wconf 89' lang='lat' dir='ltr'><strong>mea</strong></span> <span class='ocrx_word' id='word_1_335' title='bbox 2978 3856 3091 3916; x_wconf 85' lang='lat' dir='ltr'><strong>est.</strong></span> <span class='ocrx_word' id='word_1_336' title='bbox 3178 3846 3363 3918; x_wconf 85' lang='lat' dir='ltr'><strong>Haec</strong></span> 
     </span>
     <span class='ocr_line' id='line_1_32' title="bbox 101 3960 2229 4061; baseline -0.004 -27"><span class='ocrx_word' id='word_1_337' title='bbox 101 3970 548 4037; x_wconf 88' lang='lat' dir='ltr'><strong>commentatio</strong></span> <span class='ocrx_word' id='word_1_338' title='bbox 590 3968 990 4061; x_wconf 84' lang='lat' dir='ltr'><strong>praefationis</strong></span> <span class='ocrx_word' id='word_1_339' title='bbox 1031 3969 1314 4058; x_wconf 88' lang='lat' dir='ltr'><strong>speciem</strong></span> <span class='ocrx_word' id='word_1_340' title='bbox 1355 3965 1547 4034; x_wconf 88' lang='lat' dir='ltr'><strong>habet</strong></span> <span class='ocrx_word' id='word_1_341' title='bbox 1587 3975 1698 4034; x_wconf 88' lang='lat' dir='ltr'><strong>aut</strong></span> <span class='ocrx_word' id='word_1_342' title='bbox 1736 3960 2229 4034; x_wconf 85' lang='lat' dir='ltr'><strong>introductionis.</strong></span> 
     </span>
    </p>

    <p class='ocr_par' dir='ltr' id='par_1_6' title="bbox 97 4075 3367 4871">
     <span class='ocr_line' id='line_1_33' title="bbox 271 4075 3361 4175; baseline -0.002 -23"><span class='ocrx_word' id='word_1_343' title='bbox 271 4084 456 4153; x_wconf 88' lang='lat' dir='ltr'><strong>XIV.</strong></span> <span class='ocrx_word' id='word_1_344' title='bbox 499 4084 886 4175; x_wconf 86' lang='lat' dir='ltr'><strong>Synopsis</strong></span> <span class='ocrx_word' id='word_1_345' title='bbox 939 4082 1149 4166; x_wconf 87' lang='lat' dir='ltr'><strong>libri,</strong></span> <span class='ocrx_word' id='word_1_346' title='bbox 1201 4083 1329 4151; x_wconf 86' lang='lat' dir='ltr'><strong>cui</strong></span> <span class='ocrx_word' id='word_1_347' title='bbox 1379 4079 1668 4150; x_wconf 87' lang='lat' dir='ltr'><strong>titulus</strong></span> <span class='ocrx_word' id='word_1_348' title='bbox 1709 4080 1893 4149; x_wconf 82' lang='lat' dir='ltr'><strong>erit:</strong></span> <span class='ocrx_word' id='word_1_349' title='bbox 1940 4077 2329 4146; x_wconf 80' lang='lat' dir='ltr'><strong>&#39;Scientia</strong></span> <span class='ocrx_word' id='word_1_350' title='bbox 2382 4097 2583 4146; x_wconf 88' lang='lat' dir='ltr'><strong>nova</strong></span> <span class='ocrx_word' id='word_1_351' title='bbox 2626 4075 3023 4168; x_wconf 89' lang='lat' dir='ltr'><strong>generalis</strong></span> <span class='ocrx_word' id='word_1_352' title='bbox 3068 4098 3203 4167; x_wconf 90' lang='lat' dir='ltr'><strong>pro</strong></span> <span class='ocrx_word' id='word_1_353' title='bbox 3248 4077 3361 4147; x_wconf 88' lang='lat' dir='ltr'><strong>in-</strong></span> 
     </span>
     <span class='ocr_line' id='line_1_34' title="bbox 101 4190 3348 4293; baseline -0.002 -26"><span class='ocrx_word' id='word_1_354' title='bbox 101 4202 588 4271; x_wconf 84' lang='lat' dir='ltr'><strong>stauratione</strong></span> <span class='ocrx_word' id='word_1_355' title='bbox 629 4210 707 4269; x_wconf 89' lang='lat' dir='ltr'><strong>et</strong></span> <span class='ocrx_word' id='word_1_356' title='bbox 761 4201 1206 4293; x_wconf 86' lang='lat' dir='ltr'><strong>augmentis</strong></span> <span class='ocrx_word' id='word_1_357' title='bbox 1247 4196 1754 4266; x_wconf 87' lang='lat' dir='ltr'><strong>scientiarum</strong></span> <span class='ocrx_word' id='word_1_358' title='bbox 1795 4192 1894 4263; x_wconf 91' lang='lat' dir='ltr'><strong>ad</strong></span> <span class='ocrx_word' id='word_1_359' title='bbox 1937 4191 2335 4285; x_wconf 89' lang='lat' dir='ltr'><strong>publicam</strong></span> <span class='ocrx_word' id='word_1_360' title='bbox 2376 4190 2849 4261; x_wconf 78' lang='lat' dir='ltr'><strong>felicitatem.</strong></span> <span class='ocrx_word' id='word_1_361' title='bbox 2938 4190 3179 4261; x_wconf 90' lang='lat' dir='ltr'><strong>Inserui</strong></span> <span class='ocrx_word' id='word_1_362' title='bbox 3220 4191 3348 4262; x_wconf 91' lang='lat' dir='ltr'><strong>hoc</strong></span> 
     </span>
     <span class='ocr_line' id='line_1_35' title="bbox 98 4308 3367 4409; baseline -0.002 -26"><span class='ocrx_word' id='word_1_363' title='bbox 98 4320 542 4409; x_wconf 86' lang='lat' dir='ltr'><strong>fragmentum,</strong></span> <span class='ocrx_word' id='word_1_364' title='bbox 581 4316 688 4383; x_wconf 88' lang='lat' dir='ltr'><strong>cui</strong></span> <span class='ocrx_word' id='word_1_365' title='bbox 727 4318 864 4407; x_wconf 89' lang='lat' dir='ltr'><strong>ipse</strong></span> <span class='ocrx_word' id='word_1_366' title='bbox 905 4324 1119 4384; x_wconf 86' lang='lat' dir='ltr'><strong>noster</strong></span> <span class='ocrx_word' id='word_1_367' title='bbox 1160 4310 1408 4381; x_wconf 89' lang='lat' dir='ltr'><strong>titulum</strong></span> <span class='ocrx_word' id='word_1_368' title='bbox 1451 4314 1783 4402; x_wconf 87' lang='lat' dir='ltr'><strong>inscripsit,</strong></span> <span class='ocrx_word' id='word_1_369' title='bbox 1826 4312 1976 4403; x_wconf 89' lang='lat' dir='ltr'><strong>quia</strong></span> <span class='ocrx_word' id='word_1_370' title='bbox 2000 4308 2147 4377; x_wconf 90' lang='lat' dir='ltr'><strong>inde</strong></span> <span class='ocrx_word' id='word_1_371' title='bbox 2178 4318 2454 4400; x_wconf 87' lang='lat' dir='ltr'><strong>apparet,</strong></span> <span class='ocrx_word' id='word_1_372' title='bbox 2500 4330 2693 4399; x_wconf 89' lang='lat' dir='ltr'><strong>quam</strong></span> <span class='ocrx_word' id='word_1_373' title='bbox 2720 4309 3061 4399; x_wconf 88' lang='lat' dir='ltr'><strong>imaginem</strong></span> <span class='ocrx_word' id='word_1_374' title='bbox 3090 4311 3367 4407; x_wconf 82' lang='lat' dir='ltr'><strong>universi</strong></span> 
     </span>
     <span class='ocr_line' id='line_1_36' title="bbox 99 4424 3367 4524; baseline -0.002 -25"><span class='ocrx_word' id='word_1_375' title='bbox 99 4430 428 4500; x_wconf 88' lang='lat' dir='ltr'><strong>literarum</strong></span> <span class='ocrx_word' id='word_1_376' title='bbox 469 4431 638 4501; x_wconf 88' lang='lat' dir='ltr'><strong>orbis</strong></span> <span class='ocrx_word' id='word_1_377' title='bbox 678 4429 1021 4498; x_wconf 89' lang='lat' dir='ltr'><strong>Leibnitius</strong></span> <span class='ocrx_word' id='word_1_378' title='bbox 1066 4430 1492 4524; x_wconf 88' lang='lat' dir='ltr'><strong>(provectiore</strong></span> <span class='ocrx_word' id='word_1_379' title='bbox 1543 4430 1612 4497; x_wconf 91' lang='lat' dir='ltr'><strong>ni</strong></span> <span class='ocrx_word' id='word_1_380' title='bbox 1653 4426 1834 4496; x_wconf 85' lang='lat' dir='ltr'><strong>fallor</strong></span> <span class='ocrx_word' id='word_1_381' title='bbox 1886 4429 2123 4513; x_wconf 86' lang='lat' dir='ltr'><strong>aetate)</strong></span> <span class='ocrx_word' id='word_1_382' title='bbox 2166 4426 2379 4491; x_wconf 88' lang='lat' dir='ltr'><strong>animo</strong></span> <span class='ocrx_word' id='word_1_383' title='bbox 2422 4424 2811 4513; x_wconf 87' lang='lat' dir='ltr'><strong>conceperit,</strong></span> <span class='ocrx_word' id='word_1_384' title='bbox 2864 4446 3121 4515; x_wconf 91' lang='lat' dir='ltr'><strong>quoque</strong></span> <span class='ocrx_word' id='word_1_385' title='bbox 3173 4424 3367 4494; x_wconf 88' lang='lat' dir='ltr'><strong>modo</strong></span> 
     </span>
     <span class='ocr_line' id='line_1_37' title="bbox 97 4537 3363 4640; baseline -0.002 -26"><span class='ocrx_word' id='word_1_386' title='bbox 97 4550 156 4615; x_wconf 91' lang='lat' dir='ltr'><strong>in</strong></span> <span class='ocrx_word' id='word_1_387' title='bbox 209 4570 424 4615; x_wconf 89' lang='lat' dir='ltr'><strong>unum</strong></span> <span class='ocrx_word' id='word_1_388' title='bbox 477 4546 764 4640; x_wconf 88' lang='lat' dir='ltr'><strong>redigere</strong></span> <span class='ocrx_word' id='word_1_389' title='bbox 817 4558 1080 4616; x_wconf 87' lang='lat' dir='ltr'><strong>conatus</strong></span> <span class='ocrx_word' id='word_1_390' title='bbox 1134 4548 1216 4615; x_wconf 88' lang='lat' dir='ltr'><strong>sit</strong></span> <span class='ocrx_word' id='word_1_391' title='bbox 1265 4546 1560 4613; x_wconf 88' lang='lat' dir='ltr'><strong>scientiae</strong></span> <span class='ocrx_word' id='word_1_392' title='bbox 1613 4564 1952 4613; x_wconf 84' lang='lat' dir='ltr'><strong>summam.</strong></span> <span class='ocrx_word' id='word_1_393' title='bbox 2040 4541 2379 4609; x_wconf 87' lang='lat' dir='ltr'><strong>Praeterea</strong></span> <span class='ocrx_word' id='word_1_394' title='bbox 2430 4537 2555 4606; x_wconf 91' lang='lat' dir='ltr'><strong>hoc</strong></span> <span class='ocrx_word' id='word_1_395' title='bbox 2596 4540 3018 4629; x_wconf 86' lang='lat' dir='ltr'><strong>fragmentum</strong></span> <span class='ocrx_word' id='word_1_396' title='bbox 3072 4541 3363 4625; x_wconf 86' lang='lat' dir='ltr'><strong>ostendit,</strong></span> 
     </span>
     <span class='ocr_line' id='line_1_38' title="bbox 99 4656 3360 4755; baseline -0.002 -24"><span class='ocrx_word' id='word_1_397' title='bbox 99 4662 486 4732; x_wconf 88' lang='lat' dir='ltr'><strong>Leibnitium</strong></span> <span class='ocrx_word' id='word_1_398' title='bbox 543 4687 709 4755; x_wconf 89' lang='lat' dir='ltr'><strong>quae</strong></span> <span class='ocrx_word' id='word_1_399' title='bbox 763 4666 826 4733; x_wconf 88' lang='lat' dir='ltr'><strong>in</strong></span> <span class='ocrx_word' id='word_1_400' title='bbox 871 4663 1330 4734; x_wconf 86' lang='lat' dir='ltr'><strong>mathematicis</strong></span> <span class='ocrx_word' id='word_1_401' title='bbox 1373 4671 1439 4730; x_wconf 88' lang='lat' dir='ltr'><strong>et</strong></span> <span class='ocrx_word' id='word_1_402' title='bbox 1477 4658 1755 4753; x_wconf 87' lang='lat' dir='ltr'><strong>physicis</strong></span> <span class='ocrx_word' id='word_1_403' title='bbox 1797 4682 1879 4727; x_wconf 88' lang='lat' dir='ltr'><strong>eo</strong></span> <span class='ocrx_word' id='word_1_404' title='bbox 1932 4668 2221 4750; x_wconf 86' lang='lat' dir='ltr'><strong>ternpore</strong></span> <span class='ocrx_word' id='word_1_405' title='bbox 2269 4658 2403 4748; x_wconf 91' lang='lat' dir='ltr'><strong>jam</strong></span> <span class='ocrx_word' id='word_1_406' title='bbox 2456 4656 2849 4746; x_wconf 84' lang='lat' dir='ltr'><strong>praestiterat</strong></span> <span class='ocrx_word' id='word_1_407' title='bbox 2900 4678 3159 4747; x_wconf 86' lang='lat' dir='ltr'><strong>semper</strong></span> <span class='ocrx_word' id='word_1_408' title='bbox 3198 4659 3360 4725; x_wconf 85' lang='lat' dir='ltr'><strong>refe-</strong></span> 
     </span>
     <span class='ocr_line' id='line_1_39' title="bbox 99 4776 1572 4871; baseline -0.005 -22"><span class='ocrx_word' id='word_1_409' title='bbox 99 4780 291 4849; x_wconf 87' lang='lat' dir='ltr'><strong>renda</strong></span> <span class='ocrx_word' id='word_1_410' title='bbox 337 4788 602 4871; x_wconf 87' lang='lat' dir='ltr'><strong>putasse</strong></span> <span class='ocrx_word' id='word_1_411' title='bbox 642 4777 724 4846; x_wconf 92' lang='lat' dir='ltr'><strong>ad</strong></span> <span class='ocrx_word' id='word_1_412' title='bbox 766 4778 1082 4847; x_wconf 80' lang='lat' dir='ltr'><strong>molimina</strong></span> <span class='ocrx_word' id='word_1_413' title='bbox 1126 4776 1572 4871; x_wconf 89' lang='lat' dir='ltr'><strong>philosophica.</strong></span> 
     </span>
    </p>

    <p class='ocr_par' dir='ltr' id='par_1_7' title="bbox 113 4886 3363 5335">
     <span class='ocr_line' id='line_1_40' title="bbox 225 4886 3360 4978; baseline -0.003 -12"><span class='ocrx_word' id='word_1_414' title='bbox 225 4894 388 4965; x_wconf 88' lang='lat' dir='ltr'><strong>XV.</strong></span> <span class='ocrx_word' id='word_1_415' title='bbox 447 4892 863 4963; x_wconf 87' lang='lat' dir='ltr'><strong>Guilielmi</strong></span> <span class='ocrx_word' id='word_1_416' title='bbox 915 4894 1216 4963; x_wconf 91' lang='lat' dir='ltr'><strong>Pacidii</strong></span> <span class='ocrx_word' id='word_1_417' title='bbox 1268 4892 1460 4965; x_wconf 89' lang='lat' dir='ltr'><strong>Plus</strong></span> <span class='ocrx_word' id='word_1_418' title='bbox 1529 4888 1773 4974; x_wconf 91' lang='lat' dir='ltr'><strong>ultra,</strong></span> <span class='ocrx_word' id='word_1_419' title='bbox 1829 4890 2000 4957; x_wconf 85' lang='lat' dir='ltr'><strong>sive</strong></span> <span class='ocrx_word' id='word_1_420' title='bbox 2055 4887 2295 4957; x_wconf 87' lang='lat' dir='ltr'><strong>initia</strong></span> <span class='ocrx_word' id='word_1_421' title='bbox 2350 4895 2429 4953; x_wconf 88' lang='lat' dir='ltr'><strong>et</strong></span> <span class='ocrx_word' id='word_1_422' title='bbox 2480 4886 2916 4978; x_wconf 87' lang='lat' dir='ltr'><strong>specimina</strong></span> <span class='ocrx_word' id='word_1_423' title='bbox 2972 4888 3360 4957; x_wconf 89' lang='lat' dir='ltr'><strong>scientiae</strong></span> 
     </span>
     <span class='ocr_line' id='line_1_41' title="bbox 113 4999 3363 5102; baseline -0.002 -23"><span class='ocrx_word' id='word_1_424' title='bbox 113 5010 504 5102; x_wconf 81' lang='lat' dir='ltr'><strong>generalis</strong></span> <span class='ocrx_word' id='word_1_425' title='bbox 561 5010 655 5077; x_wconf 92' lang='lat' dir='ltr'><strong>de</strong></span> <span class='ocrx_word' id='word_1_426' title='bbox 713 5012 1302 5080; x_wconf 86' lang='lat' dir='ltr'><strong>instauratione</strong></span> <span class='ocrx_word' id='word_1_427' title='bbox 1356 5018 1440 5077; x_wconf 89' lang='lat' dir='ltr'><strong>et</strong></span> <span class='ocrx_word' id='word_1_428' title='bbox 1491 5004 1935 5100; x_wconf 82' lang='lat' dir='ltr'><strong>augmentis</strong></span> <span class='ocrx_word' id='word_1_429' title='bbox 1992 5004 2508 5072; x_wconf 83' lang='lat' dir='ltr'><strong>scientiarum</strong></span> <span class='ocrx_word' id='word_1_430' title='bbox 2565 5023 2653 5068; x_wconf 90' lang='lat' dir='ltr'><strong>ac</strong></span> <span class='ocrx_word' id='word_1_431' title='bbox 2716 4999 2811 5069; x_wconf 93' lang='lat' dir='ltr'><strong>de</strong></span> <span class='ocrx_word' id='word_1_432' title='bbox 2863 5000 3363 5095; x_wconf 86' lang='lat' dir='ltr'><strong>perficienda</strong></span> 
     </span>
     <span class='ocr_line' id='line_1_42' title="bbox 113 5116 3361 5218; baseline -0.002 -24"><span class='ocrx_word' id='word_1_433' title='bbox 113 5140 356 5199; x_wconf 86' lang='lat' dir='ltr'><strong>mente</strong></span> <span class='ocrx_word' id='word_1_434' title='bbox 421 5138 853 5218; x_wconf 84' lang='lat' dir='ltr'><strong>rerumque</strong></span> <span class='ocrx_word' id='word_1_435' title='bbox 912 5124 1518 5196; x_wconf 84' lang='lat' dir='ltr'><strong>inventionibus</strong></span> <span class='ocrx_word' id='word_1_436' title='bbox 1569 5120 1662 5191; x_wconf 86' lang='lat' dir='ltr'><strong>ad</strong></span> <span class='ocrx_word' id='word_1_437' title='bbox 1716 5119 2115 5213; x_wconf 87' lang='lat' dir='ltr'><strong>publicam</strong></span> <span class='ocrx_word' id='word_1_438' title='bbox 2167 5116 2661 5187; x_wconf 82' lang='lat' dir='ltr'><strong>felicitatem.</strong></span> <span class='ocrx_word' id='word_1_439' title='bbox 2716 5154 2805 5169; x_wconf 92' lang='lat'><em>-</em></span> <span class='ocrx_word' id='word_1_440' title='bbox 2872 5117 3361 5189; x_wconf 83' lang='lat' dir='ltr'><strong>oeconomia</strong></span> 
     </span>
     <span class='ocr_line' id='line_1_43' title="bbox 113 5230 3363 5335; baseline -0.001 -26"><span class='ocrx_word' id='word_1_441' title='bbox 113 5244 376 5334; x_wconf 87' lang='lat' dir='ltr'><strong>operis.</strong></span> <span class='ocrx_word' id='word_1_442' title='bbox 469 5240 800 5335; x_wconf 88' lang='lat' dir='ltr'><strong>Inscriptio</strong></span> <span class='ocrx_word' id='word_1_443' title='bbox 843 5240 1248 5312; x_wconf 86' lang='lat' dir='ltr'><strong>Leibnitiana.</strong></span> <span class='ocrx_word' id='word_1_444' title='bbox 1347 5238 1420 5312; x_wconf 90' lang='lat' dir='ltr'><strong>In</strong></span> <span class='ocrx_word' id='word_1_445' title='bbox 1460 5238 1724 5331; x_wconf 82' lang='lat' dir='ltr'><strong>synopsi</strong></span> <span class='ocrx_word' id='word_1_446' title='bbox 1777 5235 1971 5307; x_wconf 91' lang='lat' dir='ltr'><strong>modo</strong></span> <span class='ocrx_word' id='word_1_447' title='bbox 2024 5230 2279 5303; x_wconf 81' lang='lat' dir='ltr'><strong>laudata</strong></span> <span class='ocrx_word' id='word_1_448' title='bbox 2316 5235 2451 5326; x_wconf 88' lang='lat' dir='ltr'><strong>jam</strong></span> <span class='ocrx_word' id='word_1_449' title='bbox 2502 5234 2795 5304; x_wconf 84' lang='lat' dir='ltr'><strong>innuerat</strong></span> <span class='ocrx_word' id='word_1_450' title='bbox 2850 5240 3036 5302; x_wconf 88' lang='lat' dir='ltr'><strong>autor</strong></span> <span class='ocrx_word' id='word_1_451' title='bbox 3087 5236 3363 5307; x_wconf 87' lang='lat' dir='ltr'><strong>nominis</strong></span> 
     </span>
    </p>
   </div>
  </div>
 </body>
</html>
