3717 5850
371 344 455 414 78
678 418 693 439 ⁸
1406 356 1551 413 vm.
1594 354 1946 413 EPISTOLA
1973 355 2080 411 AD
2107 352 2590 411 CONRINGIUM.

478 504 568 555 tur
597 528 679 540 —-
715 498 751 553 2
786 514 831 553 a
861 510 898 552 e
938 524 1007 543 --
1052 496 1089 551 2
1124 512 1161 551 e
1186 490 1237 553 ².
1324 498 1475 571 Ergo
1520 498 1583 555 in
1634 514 1805 555 unum
1853 498 1949 553 ad·
2159 494 2456 552 racteribus
2499 495 2792 567 loquantur
2831 491 2937 566 (ut
2973 494 3336 559 'lheoremata
3373 496 3452 552 de
3493 497 3643 565 abje-

477 587 689 645 dendo:
776 592 865 651 -Ι-
925 578 1016 641 «1²
1068 583 1477 659 aequal.a²-l-
1528 580 1872 653 e²÷2ae
2159 584 2344 641 ctione
2392 583 2669 639 novet-arii
2717 582 2976 655 agentia)
3027 598 3142 639 non
3193 586 3384 640 tamen
3439 584 3504 640 in
3556 603 3640 657 eo,

777 681 866 741 -l-
930 668 1020 731 ⁶²
1068 676 1280 747 aequal.
1383 680 1472 740 -l-
1529 667 1613 731 e²
2159 672 2308 745 quod
2345 672 2406 727 in
2449 672 2518 727 iis
2557 676 2641 727 est
2681 670 3054 745 arbitrarium,
3107 672 3204 727 sed
3243 672 3304 727 in
3342 689 3452 745 eo,
3493 675 3642 745 quod

782 756 1029 820 -2de
1070 764 1281 836 aequal.
1394 757 1884 819 -202—2ae
2161 764 2246 817 est
2285 764 2633 833 perpetuum,
2683 760 2952 816 relatione
2987 776 3186 834 nempe
3235 761 3308 817 ad
3346 778 3460 834 res,
3515 779 3645 819 con·

1106 868 1950 883 ----·-·--·-----·-·
2161 850 2377 922 sistunt,
2429 864 2750 922 semperque
2801 864 2991 905 verum
3029 852 3114 905 est
3161 848 3282 905 sine
3331 850 3460 906 ullo
3497 852 3642 907 arbi·

477 923 721 997 prodibit
746 938 961 981 summa
1003 949 1027 962 ·
1114 950 1138 962 ·
1222 948 1247 962 ·
1289 914 1379 977 α’
2160 938 2270 995 trio
2307 942 2528 1011 nomo,
2575 938 2724 1009 quod
2761 936 2956 1010 positis
2994 937 3196 993 talibus
3231 938 3641 995 maneribus

480 1030 646 1085 Vides
686 1034 961 1101 utcunque
996 1045 1098 1100 pro
1130 1026 1363 1084 arbitrio
1406 1028 1695 1082 sumantur
1732 1013 1950 1081 charac-
2159 1028 2288 1083 talis
2315 1027 2664 1083 ratiocinatio
2689 1026 2764 1081 sit
2791 1030 3138 1099 proventura,
3179 1030 3238 1082 et
3263 1026 3470 1099 positis
3499 1028 3638 1099 aliis,

478 1123 645 1192 teroe,
686 1118 856 1173 modo
896 1121 1083 1172 tamen
1121 1117 1181 1173 in
1224 1130 1416 1171 eorum
1456 1130 1557 1169 usu
1594 1117 1771 1169 certus
1808 1114 1948 1171 ordo
2159 1130 2494 1189 quamquam
2531 1117 2666 1171 nota
2703 1114 2776 1170 ad
2805 1114 3013 1187 priores
3049 1114 3245 1171 relatio
3273 1116 3346 1171 sit
3373 1114 3496 1171 alia
3525 1117 3642 1187 qui-

477 1211 535 1262 et
574 1206 771 1263 modus
818 1209 1089 1278 servetur,
1142 1219 1355 1277 semper
1393 1202 1583 1259 omnia
1620 1202 1945 1258 consentire.
2156 1206 2303 1277 dem,
2347 1204 2444 1259 sed
2480 1203 2650 1259 etiam
2687 1202 3010 1259 relationem
3052 1220 3276 1259 servans
3301 1204 3376 1259 ad
3407 1204 3636 1276 primes,

476 1295 803 1368 Quanquam
830 1305 959 1365 ergo
997 1292 1252 1348 veritates
1289 1290 1596 1347 necessario
1632 1295 1948 1363 supponant
2157 1310 2230 1350 ex
2257 1294 2630 1349 characterum
2649 1292 2916 1347 relatione
2937 1292 3308 1366 resultantem,
3337 1307 3490 1365 quae
3519 1294 3640 1349 sub-

476 1383 690 1457 aliquos
716 1384 1067 1455 elmlacteres,
1096 1380 1213 1439 imo
1241 1379 1541 1453 aliquando
1562 1379 1633 1437 de
1660 1378 1792 1453 ipsis
1818 1379 1944 1437 cha-
2153 1381 2433 1439 stituendo
2461 1382 2548 1437 vel
2575 1380 2946 1455 commi-ando
2970 1383 3218 1455 apparet.

1869 1954 2122 2049 vm.
2925 2015 2932 2021 -

740 2132 1357 2227 EPISTOLA
1386 2132 1557 2224 AD
1592 2114 2406 2227 HERMANNUM
2441 2130 3258 2226 CONRINGIUM

560 2435 1705 2569 CARTESIANA·
1767 2442 3440 2597 DEMONSTRATIONE

1403 2658 2268 2767 EXISTENTIAE
2323 2660 2581 2765 DEI.
3017 2712 3034 2733 =

1837 2863 2156 2879 ——ffl

1736 2969 2234 3058 1678.

364 3253 619 3309 (Theou.
677 3254 831 3299 Gall.
885 3253 1247 3300 thtmelerl
1304 3251 1557 3298 dissertat.
1610 3252 1671 3295 de
1716 3250 2002 3306 praecipuis
2047 3261 2270 3296 errorum
2315 3250 2489 3298 causis
2535 3249 2586 3296 ln
2631 3250 2791 3306 prim
2823 3249 3152 3307 philosophia.
3223 3252 3440 3299 Heluian.
3483 3252 3619 3298 1227.

432 3327 485 3380 s.
522 3325 609 3372 2⁹.
647 3331 813 3371 annot.
850 3334 897 3369 a.
934 3342 1006 3352 —
1050 3325 1257 3370 Lelbn.
1294 3325 1417 3378 opp.
1464 3324 1539 3368 ed.
1584 3325 1824 3368 Buten
1871 3325 2006 3369 rom.
2035 3323 2098 3367 n.
2133 3324 2190 3368 P.
2229 3323 2276 3368 1.
2313 3331 2360 3376 p.
2395 3317 2544 3375 au).

2045 3628 2162 3668 esse
2189 3615 2442 3686 ponatur.
2508 3611 2611 3668 Sed
2640 3611 2744 3667 hoc
2771 3609 2980 3666 dudum
3007 3611 3362 3668 ostenderunt
3389 3615 3451 3667 et
3477 3613 3618 3668 selio-

2045 3700 2244 3774 lastiei‚
2275 3705 2330 3756 et
2357 3699 2483 3756 hinc
2511 3703 2728 3756 tantum
2757 3699 3106 3772 praesumtio,
3151 3716 3264 3755 non
3297 3717 3433 3757 vero
3461 3700 3612 3757 certi-

2043 3789 2179 3846 tudo
2227 3788 2554 3846 existentiae
2593 3787 2816 3844 divinae
2861 3787 3052 3846 haberi
3100 3793 3299 3862 potest.
3383 3789 3616 3846 Carte-

2041 3878 2184 3934 sins
2221 3881 2408 3935 autem
2446 3877 2778 3950 sophismate
2817 3875 3058 3948 quodam
3095 3877 3184 3932 vel
3222 3877 3462 3950 probare
3487 3879 3613 3934 hanc

2040 3966 2369 4024 existentiae
2404 3965 2624 4021 divinae
2663 3963 3110 4038 possibilitatem,
3154 3965 3240 4021 vel
3281 3965 3355 4022 ab
3393 3983 3464 4022 ea
3497 3980 3612 4039 pro-

2043 4055 2224 4111 banda
2251 4071 2311 4110 se
2338 4053 2573 4110 liberare
2598 4058 2826 4110 eonatus
2853 4057 2950 4108 est.
3017 4053 3089 4109 Et
3129 4059 3316 4110 tamen
3343 4057 3609 4128 sophisma

2040 4143 2174 4200 illud
2203 4143 2508 4216 speciosum
2545 4147 2604 4198 et
2641 4141 3027 4198 Cartesium
3061 4141 3272 4215 pariter
3298 4161 3362 4199 ae
3385 4149 3609 4200 sectato-

2038 4249 2125 4288 τω
2144 4231 2264 4300 ejus
2283 4230 2514 4304 decepit,
2534 4231 2664 4302 quia
2683 4231 2920 4303 rigorem
2937 4231 3348 4288 demonstrandi
3363 4237 3607 4310 coeptum

2038 4321 2276 4395 quidem,
2307 4335 2422 4376 non
2450 4324 2636 4377 tamen
2662 4321 2734 4378 ad
2763 4319 2928 4377 finem
2953 4320 3273 4396 mrduxere.

450 3616 715 3672 Renatu
730 3631 756 3670 s
778 3612 1133 3670 Cartesius
1160 3611 1444 3684 adgressus
1463 3615 1547 3667 est
1567 3611 1947 3668 demonstrare

362 3704 713 3762 existentiam
721 3703 841 3776 Dei,
864 3707 919 3758 et
938 3699 1459 3757 immaterialitatem
1480 3704 1699 3756 nostrae
1720 3700 1939 3774 mentiS,

362 3793 587 3868 ejusque
626 3791 1071 3848 ratiocinationes
1108 3790 1168 3844 in
1218 3791 1453 3846 formam
1502 3788 1940 3845 mathematieam

362 3882 572 3956 redegit
626 3879 1040 3938 Benedictus
1096 3879 1418 3952 Spinosa‚
1476 3877 1625 3934 idom
1674 3877 1784 3951 ille,
1842 3876 1940 3950 qui

360 3966 1601 4041 TractatumTheologico-politicum
1622 3967 1703 4022 de
1723 3966 1940 4022 liber-

362 4065 507 4116 tate
555 4056 1135 4132 philosophandi,
1189 4056 1393 4128 passim
1442 4057 1757 4126 refutatum,
1808 4055 1939 4112 scri-

361 4149 488 4222 psit.
576 4145 907 4202 Examinavi
956 4143 1243 4216 diligenter
1280 4143 1595 4199 Cartesiana
1630 4143 1936 4199 ratiocinia.

361 4238 649 4294 Detectum
676 4240 758 4291 oet
786 4232 1007 4288 tandem
1036 4247 1073 4286 a
1098 4248 1205 4304 me,
1250 4232 1353 4287 hoc
1388 4231 1583 4288 saltem
1620 4246 1694 4286 cx
1719 4231 1940 4288 ratioci-

360 4324 681 4382 nationibus
736 4321 848 4378 illis
904 4319 1163 4377 adem-ata
1219 4319 1681 4376 demonstratione
1737 4319 1934 4393 evinci,

362 4413 509 4488 quod
536 4413 684 4470 Deus
733 4408 1038 4470 necessario
1076 4406 1298 4481 existat,
1348 4407 1397 4463 si
1444 4408 1611 4465 modo
1656 4407 1936 4483 possibilis
