3717 5850
356 338 462 441 80

372 490 471 549 sed
496 488 777 548 vocabulis
802 487 923 544 istis
960 478 1230 564 (quorum
1268 500 1457 541 sensus
1484 482 1713 541 obscum
1738 482 1952 555 saltem,

372 584 539 653 atque
566 579 879 651 imperfecte
904 575 1077 633 menti
1113 570 1467 647 obversatur)
1508 572 1570 628 in
1596 572 1785 629 animo
1826 576 1956 628 utor

374 668 498 725 loco
530 667 795 739 idearum,
826 681 963 737 quas
991 664 1061 721 de
1086 663 1159 719 iis
1194 662 1391 735 habeo,
1431 660 1699 735 quoniam
1726 658 1956 717 memini

374 772 465 813 me
514 754 967 829 significationem
1014 753 1247 809 istorum
1298 751 1689 808 vocabulorum
1738 749 1954 821 babere,

374 843 799 919 explicationem
826 844 1013 899 autem
1049 856 1197 897 nunc
1216 839 1428 909 judicio
1455 838 1813 895 necessariam
1840 853 1956 894 non

372 950 519 1004 esse3
576 931 797 1005 qualem
850 930 1241 1003 cogitationem
1287 944 1585 1000 caecam,
1650 926 1737 983 vel
1784 926 1958 983 etiam

372 1021 736 1093 symbolicam
763 1018 1037 1094 appellare
1064 1018 1235 1090 soleo,
1276 1033 1385 1089 qua
1422 1020 1479 1072 et
1506 1014 1568 1071 in
1594 1014 1854 1087 Algebra,
1899 1018 1960 1071 et

374 1112 438 1167 in
464 1108 825 1167 Arithmctica
854 1108 1075 1179 utimur,
1107 1106 1221 1162 imo
1250 1108 1362 1162 fere
1388 1104 1613 1177 ubique.-
1700 1104 1773 1159 Et
1810 1106 1958 1159 certe

374 1215 502 1256 cum
528 1198 685 1255 notio
714 1197 873 1253 valde
899 1194 1202 1271 composita
1238 1197 1340 1267 aet,
1384 1208 1497 1249 non
1525 1207 1812 1265 possumus
1840 1207 1958 1247 om-

365 1270 474 1343 'nes
502 1286 866 1360 ingredientes
902 1300 1027 1340 eam
1065 1282 1319 1339 notiones
1346 1281 1511 1336 simul
1548 1280 1819 1353 cogitare·
1858 1279 1960 1337 ubi

376 1381 566 1432 tamen
592 1375 695 1431 hoc
722 1374 865 1446 lieet,
896 1373 985 1429 vel
1011 1369 1241 1427 saltem
1225 1386 1288 1425 m
1314 1373 1583 1443 quantum
1603 1370 1745 1441 licet,
1774 1368 1960 1441 cogni-

374 1464 585 1521 tionem
640 1478 777 1517 voco
838 1459 1263 1516 intuitivam.
1362 1457 1620 1514 Notionis
1670 1457 1960 1513 distinctae

374 1550 683 1626 primitivae
710 1564 826 1604 non
856 1548 967 1604 alia
994 1547 1157 1603 datur
1182 1548 1445 1621 cognitio,
1475 1562 1643 1621 quam
1678 1546 1955 1619 intuitiva,

374 1646 437 1697 ut
462 1638 885 1712 compositarum
912 1636 1229 1710 plerumque
1250 1635 1512 1709 cogitatio
1537 1652 1654 1692 non
1674 1634 1783 1691 nisi
1808 1650 1960 1705 sym-

373 1728 553 1785 bolica
582 1730 679 1783 est.

458 1816 548 1871 Ex
584 1815 669 1870 his
690 1812 811 1882 jam
850 1816 1021 1887 patet,
1060 1828 1165 1868 nos
1194 1828 1387 1868 eorum
1424 1828 1656 1885 quoque,
1697 1827 1838 1884 quae
1878 1810 1960 1867 di·

370 1904 567 1961 stincte
594 1900 986 1977 cognoscimus,
1018 1900 1168 1957 ideas
1196 1917 1311 1957 non
1348 1900 1641 1975 percipere,
1680 1900 1788 1955 nisi
1826 1914 1960 1971 qua-

371 1998 531 2049 tenus
558 1990 891 2064 cogitatione
931 1988 1195 2045 intuitiva
1232 1988 1459 2045 utimur.
1549 1990 1621 2044 Et
1658 2004 1789 2044 sane
1828 2004 1958 2043 con-

368 2080 554 2155 tingit,
584 2083 651 2135 nt
678 2096 779 2135 nos
808 2094 970 2151 saepe
998 2077 1137 2133 falso
1156 2078 1441 2134 credamus
1468 2077 1704 2133 habere
1688 2094 1748 2133 m
1768 2076 1958 2133 animo
2005 2115 2009 2128 .

2005 2231 2009 2244 ‚
2050 2165 2227 2237 jungi.
2317 2166 2434 2221 Nec
2485 2165 2828 2221 definitiones
2877 2164 3184 2221 nominales
3231 2163 3511 2219 sufficiunt
3563 2164 3626 2221 ad

370 2169 527 2226 idea
540 2186 568 2223 s
595 2184 795 2239 rerum,
826 2182 951 2222 cum
980 2166 1119 2223 falso
1147 2166 1504 2240 supponimus
1532 2166 1745 2239 aliquos
1772 2166 1956 2222 termi-

372 2256 723 2335 nos,‚quibus
750 2255 983 2327 utimur,
1016 2253 1139 2323 jam
1166 2270 1203 2310 a
1230 2255 1391 2311 nobis
1420 2256 1587 2311 fuisse
1625 2254 1954 2328 explicatos:

370 2363 472 2403 nec
510 2361 733 2418 verum,
784 2348 882 2400 aut
918 2348 1063 2400 certe
1101 2342 1449 2417 ambiguitati
1506 2344 1812 2400 obnoxium
1850 2347 1953 2417 est,

372 2540 511 2597 cere,
564 2522 921 2595 intelligendo
961 2520 1109 2593 qnod
1147 2520 1395 2593 dicimuS,
1440 2520 1574 2593 quin
1614 2519 1731 2587 ejus
1758 2520 1957 2580 habea.-

370 2626 495 2669 mus
544 2610 742 2667 ideam.
841 2611 1013 2682 Saepe
1064 2608 1213 2664 enim
1264 2608 1533 2665 vocabula
1582 2607 1689 2665 ista
1742 2608 1958 2680 singula

370 2704 643 2772 utcunque
692 2698 1063 2771 intelligimuS,
1116 2701 1214 2753 aut
1260 2714 1363 2779 nos
1413 2701 1578 2753 antea
1624 2695 1959 2753 intellexisse

370 2788 737 2859 meminimus,
766 2787 897 2859 quia
924 2790 1111 2843 tamen
1138 2786 1239 2842 hac
1265 2786 1595 2859 cogitatione
1634 2800 1792 2841 caeca
1828 2801 1955 2841 con-

370 2877 513 2936 tenti
557 2892 739 2934 sumus
754 2917 771 2951 ,
811 2880 869 2932 et
915 2874 1305 2932 resolutionem
1344 2874 1633 2932 notionum
1672 2890 1787 2930 non
1822 2873 1958 2930 satis

370 2966 762 3040 prosequimur,
816 2965 879 3020 fit
916 2969 979 3020 ut
1016 2964 1183 3021 lateat
1223 2981 1326 3020 nos
1367 2964 1743 3038 contradictio,
1790 2979 1958 3036 quam

371 3057 513 3112 forte
539 3055 698 3111 notio
726 3053 1031 3126 composita
1060 3053 1307 3109 involvit.
1384 3053 1533 3110 Haec
1558 3058 1622 3109 ut
1648 3053 1958 3110 considera-

368 3161 489 3200 rem
538 3141 865 3215 distinctius,
920 3141 1049 3198 fecit
1101 3142 1237 3197 olim
1293 3147 1689 3216 argumentum,
1748 3142 1956 3197 dudum
2003 3170 2008 3205 Ι

370 3231 516 3288 inter
546 3231 893 3286 scholasticos
924 3230 1154 3304 celebre,
1197 3234 1255 3286 et
1293 3247 1328 3286 a
1366 3232 1409 3286 C
1422 3231 1686 3286 artesio
1724 3243 1956 3286 renova·

372 3323 508 3392 tum,
540 3335 643 3391 pro
670 3318 966 3374 existentia
993 3318 1125 3390 Dei,
1156 3319 1303 3389 quod
1332 3319 1413 3374 ita
1451 3318 1645 3374 habet:
1684 3317 1954 3390 Quicquid

350 3395 445 3464 ⁷ex
472 3405 703 3476 alicujus
731 3406 811 3464 rei
842 3407 981 3476 idea,
1012 3406 1127 3461 sive
1155 3405 1470 3463 definitione
1496 3407 1757 3480 sequitur,
1798 3406 1855 3462 id
1887 3407 1956 3462 de

370 3513 433 3552 re
460 3499 641 3570 potest
668 3493 983 3570 praedicari.
1050 3494 1360 3550 Existentia
1400 3511 1473 3550 ex
1511 3495 1615 3550 Dei
1654 3491 1800 3570 (sive
1840 3495 1954 3550 En-

371 3583 445 3640 tis
474 3583 867 3658 perfectissimi,
890 3583 979 3638 vel
1008 3597 1117 3654 quo
1146 3583 1324 3651 maius
1343 3582 1571 3656 cogitari
1601 3599 1715 3639 non
1744 3585 1954 3656 potest)
2001 3622 2006 3643 .

370 3671 497 3730 idea
535 3672 792 3744 sequitur.
880 3670 1024 3740 (Ens
1061 3671 1209 3726 enim
1238 3671 1687 3744 perfectissimum
1716 3671 1955 3727 involvit
2001 3684 2006 3721 i

371 3777 563 3817 omnoe
602 3759 983 3833 perfectioneS,
1025 3758 1087 3814 in
1124 3775 1357 3830 quarum
1392 3776 1623 3816 numero
1660 3765 1743 3816 cst
1781 3760 1954 3817 etiam

370 3848 711 3920 existentia).
798 3848 946 3920 Ergo
985 3847 1277 3903 existentia
1316 3848 1385 3904 de
1422 3849 1543 3904 Deo
1580 3852 1761 3922 potest
1798 3865 1953 3922 prae-

370 3937 557 3993 dicari.
620 3937 824 3992 Verum
852 3935 1128 3992 sciendum
1158 3940 1257 4009 est,
1292 3936 1420 3992 inde
1448 3937 1550 3992 hoc
1580 3941 1796 3993 tantum
1822 3955 1952 3994 con-

372 4025 478 4099 fici,
524 4025 571 4080 si
611 4025 759 4080 Deus
801 4028 883 4080 oet
920 4023 1216 4097 possibilie,
1254 4024 1497 4097 sequitur
1534 4025 1681 4097 quod
1718 4026 1951 4099 existat3

370 4130 501 4169 nam
530 4112 935 4170 definitionibus
972 4129 1087 4169 non
1124 4129 1411 4185 possumus
1438 4117 1565 4170 tuto
1590 4113 1672 4170 uti
1713 4113 1785 4169 ad
1823 4131 1952 4170 con-

370 4201 716 4275 cludendum,
748 4206 1041 4274 antequam
1073 4201 1307 4258 sciamus
1336 4219 1428 4258 eas
1468 4219 1587 4257 esse
1624 4201 1812 4274 reales,
1853 4206 1952 4258 aut

370 4291 582 4347 nullam
641 4289 922 4346 involvere
981 4290 1482 4346 contradictionem.
1580 4289 1749 4358 Cujus
1806 4291 1951 4347 ratio

369 4383 467 4452 est,
498 4379 629 4452 quia
665 4380 735 4436 de
770 4378 1089 4436 notionibus
1136 4378 1620 4434 contradictionem
1670 4377 1954 4435 involven-

371 4467 519 4524 tibus
545 4469 709 4524 simul
737 4471 959 4540 poaeent
985 4467 1234 4524 concludi
1274 4467 1543 4540 opposita,
1584 4467 1730 4539 quod
1760 4468 1950 4524 absur-

368 4557 503 4614 dum
552 4561 651 4615 est.
742 4557 902 4612 Soleo
952 4560 1137 4613 autem
1181 4555 1253 4611 ad
1290 4557 1393 4611 hoc
1428 4554 1815 4611 declarandum
1865 4557 1950 4613 uti

369 4646 623 4719 exemplo
656 4649 839 4700 metus
875 4644 1161 4719 celerrimi,
1204 4643 1302 4716 qui
1336 4644 1633 4700 absurdum
1671 4644 1948 4719 implicat,

366 4749 637 4806 ponamus
663 4733 814 4789 enim
840 4737 1021 4788 rotam
1060 4732 1302 4804 aliquam
1340 4733 1626 4789 celerrimo
1662 4739 1819 4790 motu
1860 4753 1950 4791 ro-

368 4822 493 4895 tari,
522 4823 644 4895 quis
672 4838 786 4877 non
822 4820 988 4893 videt,
1029 4821 1351 4894 productum
1390 4821 1630 4894 aliquem
1668 4828 1926 4880 rotaera

368 4911 522 4967 dium
551 4915 799 4968 extremo
828 4926 928 4966 suo
956 4909 1183 4966 celerius
1212 4915 1425 4967 motum
1456 4911 1545 4984 iri,
1574 4927 1743 4985 quam
1770 4913 1831 4968 in
1857 4931 1948 4970 ro·

368 5005 458 5056 tae
487 4998 921 5056 circumferentia
958 4998 1201 5069 clavumr,
1242 4998 1403 5068 hujus
1440 5017 1571 5072 ergo
1610 5005 1792 5057 motus
1829 5016 1944 5056 non

366 5095 449 5144 est
476 5088 804 5159 celerrimus,
843 5090 1035 5143 contra
1074 5087 1411 5160 hypothesin.
1498 5089 1727 5146 Interim
1762 5089 1944 5162 prima

366 5179 547 5234 fronte
573 5176 747 5234 videri
776 5175 947 5250 possit
974 5191 1077 5232 nos
1103 5176 1285 5234 ideam
1322 5181 1507 5235 motus
1542 5177 1807 5236 celerrimi
1844 5178 1942 5236 ha-

1260 342 1369 401 1x.
1422 340 1976 401 MEDI'I'ATIONES
2011 338 2115 398 DE
2141 336 2591 397 OOGNITIONE
2618 341 2718 397 etc.

2055 482 2214 554 beret,
2243 480 2600 555 intelligimus
2625 480 2779 537 enim
2803 478 2998 552 utique
3023 477 3158 552 quid
3185 479 3449 553 dicamus,
3477 486 3534 537 et
3557 487 3628 539 ta-

2055 586 2186 627 men
2209 570 2426 627 nullam
2453 570 2640 642 utique
2667 570 2932 626 habemus
2959 567 3143 624 ideam
3181 586 3364 625 rerum
3393 570 3627 642 impossi-

2053 658 2270 717 bilium.
2356 657 2567 718 Eodem
2593 657 2763 730 igitur
2789 656 2958 714 modo
2993 673 3108 714 non
3135 658 3334 715 sufficit
3361 674 3466 714 nos
3495 660 3625 731 cogi-

2057 752 2175 805 tare
2211 746 2282 803 de
2311 747 2454 803 Ente
2490 746 2902 821 perfectissimo,
2941 748 3008 801 ut
3041 762 3344 802 asseramus
3383 764 3485 803 nos
3521 747 3625 817 ejus

2057 835 2242 893 ideam
2273 836 2492 907 habere,
2521 840 2580 891 et
2611 835 2672 890 in
2699 835 2800 891 hac
2827 834 2998 901 allata
3039 834 3206 909 paulo
3245 838 3378 891 ante
3417 835 3625 893 demon·

2055 925 2321 983 sti-atione
2347 923 2682 999 possibilitas
2713 924 2872 981 Entis
2908 922 3286 996 perfectissimi
3325 928 3426 979 aut
3461 928 3624 982 osten-

2057 1014 2254 1087 denda,
2295 1017 2394 1071 aut
2429 1012 2786 1086 supponenda
2823 1014 2925 1084 est,
2955 1015 3019 1067 ut
3056 1015 3202 1069 recte
3233 1012 3622 1070 concludamus.

2057 1102 2286 1159 Interim
2323 1102 2462 1157 nihil
2501 1100 2684 1157 verius
2709 1106 2811 1175 est,
2855 1116 3022 1173 quam
3060 1106 3118 1157 et
3155 1116 3257 1157 nos
3294 1101 3401 1157 Dei
3443 1101 3625 1159 habere

2058 1191 2259 1264 ideam,
2299 1195 2358 1246 et
2399 1190 2514 1245 Ens
2551 1188 3006 1263 perfectissimum
3035 1205 3152 1245 esse
3192 1188 3481 1263 possibile,
3523 1190 3624 1247 imo

2058 1278 2448 1347 necessarium3
2486 1283 2866 1350 argumentum
2903 1282 3093 1334 tamen
3119 1292 3236 1333 non
3266 1278 3402 1333 satis
3429 1280 3624 1335 conclu·

2062 1367 2162 1442 dit,
2193 1372 2251 1425 et
2271 1367 2396 1436 jam
2421 1366 2494 1423 ab
2523 1366 2876 1439 Aquinate
2903 1365 3164 1435 reiectum
3191 1370 3292 1423 est.

2147 1458 2332 1529 Atque
2359 1456 2440 1511 ita
2466 1455 2730 1511 habemus
2766 1471 2983 1528 quoque
3011 1454 3303 1511 discrimen
3343 1454 3489 1511 inter
3525 1456 3624 1512 dc-

2063 1545 2444 1601 finitiones
2471 1543 2896 1616 nominales,
2937 1559 3078 1616 quae
3114 1548 3276 1599 notas
3301 1546 3516 1599 tantum
3553 1544 3622 1599 rei

2059 1633 2132 1689 ab
2161 1634 2285 1689 aliis
2313 1632 2700 1689 discernendae
2719 1632 3019 1705 continent,
3049 1634 3108 1688 et
3133 1632 3392 1705 reales,
3425 1648 3496 1687 ex
3521 1634 3625 1704 qui·

2059 1722 2162 1779 bus
2189 1726 2408 1777 constat
2431 1738 2552 1777 rem
2578 1738 2694 1777 esse
2723 1721 3056 1795 possibilem,
3087 1724 3144 1777 et
3171 1720 3270 1777 hac
3307 1720 3524 1776 ratione
3552 1738 3624 1777 sa-

2005 1860 2010 1878 ,
2057 1811 2192 1867 tisflt
2217 1809 2518 1883 Hobbio,
2561 1810 2656 1882 qui
2697 1810 2952 1866 veritates
2991 1808 3214 1865 volebat
3254 1826 3374 1865 esse
3413 1810 3624 1865 arbitra-

2057 1898 2186 1971 n‘as,
2215 1900 2348 1971 quia
2375 1914 2449 1955 ex
2477 1898 2886 1955 definitionibus
2923 1896 3295 1954 nominalibus
3321 1898 3622 1971 penderent,

2059 2002 2174 2043 non
2213 1988 2565 2045 considerans
2601 1988 2910 2044 realitatem
2949 1986 3282 2043 definitionis
3319 1986 3384 2041 in
3413 1986 3624 2043 arbitrio

2058 2092 2173 2133 non
2199 2094 2335 2148 esse,
2367 2093 2466 2133 nec
2493 2075 2766 2149 quaslibet
2795 2076 3050 2133 n'otiones
3077 2076 3222 2131 inter
3247 2092 3308 2130 se
3335 2091 3496 2148 posse
3513 2092 3627 2133 con·

2056 2256 2352 2329 perfectam
2400 2254 2684 2309 scientiam
2697 2293 2713 2326 ,
2776 2254 2884 2309 nisi
2945 2253 3166 2326 quando
3229 2250 3458 2309 aliunde
3513 2268 3626 2308 con·

2005 2335 2009 2392 ἷ
2058 2347 2169 2399 stat
2195 2359 2314 2398 rem
2357 2342 2638 2398 definitam
2677 2359 2794 2398 esse
2831 2341 3164 2415 possibilem.
3251 2341 3420 2396 Patet
3457 2340 3622 2414 etiam,

372 2434 521 2509 quod
548 2432 709 2503 aiunt
735 2432 933 2506 aliqui,
974 2448 1089 2487 non
1128 2448 1288 2505 posse
1322 2448 1426 2488 nos
1468 2431 1537 2488 de
1576 2450 1636 2488 re
1664 2432 1848 2504 aliqua
1875 2432 1958 2487 di·
2001 2427 2010 2518 1

2058 2446 2199 2504 quae
2225 2431 2451 2487 tandem
2479 2430 2552 2486 sit
2579 2431 2734 2487 idea
2763 2447 2941 2504 vera,
2975 2446 3118 2503 quae
3145 2429 3340 2503 falsa,
3373 2446 3506 2486 vera
3535 2431 3623 2485 sei-

2055 2518 2185 2575 licet
2211 2536 2338 2575 cum
2379 2520 2536 2575 notio
2565 2524 2648 2576 est
2677 2520 2974 2593 possibilis,
3014 2518 3154 2575 falsa
3183 2534 3310 2575 cum
3335 2519 3623 2575 contradic-

2057 2608 2268 2665 tionem
2295 2608 2546 2664 involvit.
2632 2607 3199 2665 Possibilitatem
3226 2612 3416 2663 autem
3443 2609 3520 2664 rei
3547 2609 3622 2664 vel

2059 2712 2096 2752 a
2135 2696 2308 2771 priori
2347 2696 2739 2770 cognoscimus,
2771 2697 2860 2752 vel
2887 2712 2924 2751 a
2951 2696 3257 2770 posteriori.
3315 2698 3392 2753 Et
3421 2698 3622 2769 quidem

2059 2802 2094 2841 a
2135 2785 2335 2859 priori,
2389 2801 2515 2841 cum
2555 2784 2838 2842 notionem
2879 2786 3200 2842 resolvimus
3231 2785 3290 2841 in
3329 2802 3436 2841 sua
3466 2785 3624 2856 requi·

2059 2873 2193 2948 sita,
2237 2891 2332 2931 seu
2374 2873 2436 2930 in
2474 2874 2612 2930 alias
2651 2874 2906 2932 notiones
2943 2875 3198 2948 cognitae
3239 2874 3619 2947 possibilitatis

2057 2963 2300 3037 nihilque
2340 2963 2401 3019 in
2438 2963 2548 3020 illis
2589 2963 3002 3038 incompatibile
3039 2980 3158 3020 eme
3195 2963 3428 3035 scimus3
3477 2963 3642 3040 idque·

2057 3055 2120 3108 flt
2156 3051 2300 3109 inter
2339 3051 2467 3126 alia,
2511 3067 2638 3109 cum
2685 3053 3044 3125 intelligimus
3089 3051 3343 3126 modum,
3401 3067 3512 3124 quo
3549 3069 3622 3107 rcs

2057 3141 2232 3216 possit
2257 3141 2502 3214 produci,
2543 3141 2690 3197 unde
2721 3157 2850 3215 prae
2887 3141 3112 3197 caeteris
3153 3141 3314 3197 utiles
3351 3146 3484 3198 sunt
3511 3141 3622 3196 De-

2057 3229 2432 3286 finitiones
2481 3230 2824 3287 causales:
2879 3247 2915 3285 a
2964 3229 3256 3304 posteriori
3305 3247 3458 3302 vcro,
3509 3245 3621 3285 cum

2054 3333 2172 3374 rem
2201 3322 2326 3374 actu
2353 3318 2588 3375 existere
2617 3319 2960 3391 expet-imum
2991 3319 3140 3392 quod
3173 3319 3323 3374 enim
3350 3323 3478 3374 actu
3497 3318 3622 3374 exti-

2055 3405 2141 3479 tit,
2181 3406 2238 3462 id
2281 3407 2468 3479 utique
2507 3405 2768 3481 possibile
2821 3411 2920 3463 est.
3011 3407 3083 3463 Et
3128 3407 3348 3480 quidem
3394 3407 3623 3480 quando-

2053 3511 2266 3568 cunque
2293 3495 2525 3552 habetur
2554 3495 2796 3568 cognitio
2825 3496 3147 3569 adaequata,
3181 3496 3416 3552 habetm·
3455 3501 3511 3552 et
3545 3513 3622 3551 co-

2054 3583 2230 3656 gnitio
2271 3583 2650 3657 possibilitatis
2693 3599 2728 3639 a
2767 3585 2968 3656 priori3
3017 3585 3278 3658 perducta
3315 3585 3470 3641 enim
3509 3601 3622 3640 ana·

2054 3672 2161 3742 lysi
2190 3673 2262 3728 ad
2291 3674 2474 3745 finem,
2508 3673 2556 3728 si
2583 3673 2737 3730 nulla
2765 3677 2994 3747 apparet
3027 3674 3406 3746 contradictio,
3449 3672 3622 3745 utique

2054 3760 2209 3817 notio
2239 3761 2515 3834 possibilis
2553 3767 2652 3817 oet.
2741 3761 2834 3817 An
2863 3779 2994 3818 vero
3027 3777 3268 3836 unquam
3297 3763 3370 3818 ab
3403 3761 3623 3818 homini-

2052 3850 2156 3906 bus
2185 3852 2422 3922 perfecta
2451 3849 2662 3906 institui
2701 3850 2876 3923 possit
2901 3851 3140 3922 analysis
3167 3850 3476 3923 notionum,
3519 3850 3622 3906 sive

2053 3955 2128 3994 au
2159 3939 2230 3994 ad
2258 3939 2480 4011 prima
2507 3938 2917 4012 possibilia,
2949 3957 3012 3996 ac
3039 3939 3298 3997 notiones
3324 3937 3622 3996 irresolubi-

2050 4027 2146 4098 les,
2181 4027 2298 4083 sive
2331 4027 2504 4099 (quod
2532 4027 2726 4084 eodem
2753 4029 2926 4099 redit)
2947 4029 3068 4101 ipsa
3096 4029 3350 4085 absoluta
3371 4027 3620 4084 attributa

2050 4116 2172 4187 Dei,
2217 4131 2415 4188 nempe
2453 4131 2644 4172 causas
2682 4117 2901 4190 primas,
2943 4123 3110 4190 atque
3161 4118 3416 4173 ultimam
3453 4133 3622 4173 rerum

2051 4204 2340 4275 rationem,
2371 4204 2729 4276 cogitationes
2756 4221 2882 4260 suas
2919 4207 3178 4262 reducere
3216 4207 3444 4279 possint,
3489 4221 3621 4260 nunc

2051 4292 2272 4365 quidem
2315 4293 2540 4349 definire
2581 4309 2698 4350 non
2735 4293 2928 4349 ausim.
3014 4295 3342 4366 Plerumque
3389 4291 3620 4350 conteuti

2051 4396 2253 4455 sumus,
2289 4381 2580 4437 notionum
2609 4383 2952 4454 quarundam
2996 4381 3307 4438 realitatem
3351 4381 3619 4455 experien-

2049 4469 2129 4525 tia
2171 4469 2455 4545 didicisse,
2515 4471 2658 4526 unde
2707 4474 2897 4544 postea
2949 4471 3084 4527 alias
3133 4471 3510 4544 componimus
3556 4469 3620 4525 ad

2049 4559 2365 4632 exemplum
2395 4563 2639 4614 naturae.

2137 4648 2284 4703 Hinc
2311 4665 2438 4720 ergo
2459 4647 2682 4703 tandem
2711 4651 2848 4720 puto
2877 4647 3109 4720 intelligi
3139 4663 3317 4720 posse,
3347 4663 3461 4703 non
3492 4661 3620 4701 sem·

2049 4751 2147 4809 per
2173 4740 2294 4792 tuto
2327 4735 2612 4810 provocari
2644 4735 2716 4792 ad
2735 4736 2903 4824 ideas,
2937 4740 2994 4792 et
3027 4737 3230 4792 multos
3257 4736 3500 4808 specioso
3531 4733 3622 4788 illo

2049 4825 2212 4880 titulo
2246 4825 2316 4880 ad
2355 4825 2774 4899 imaginationes
2808 4827 3074 4898 quasdam
3113 4841 3240 4881 suas
3279 4823 3620 4880 stabiliendas

2047 4911 2230 4984 abuti3
2273 4927 2450 4986 neque
2489 4915 2638 4970 enim
2677 4914 2866 4970 statim
2895 4915 3077 4971 ideam
3119 4914 3384 4970 habemus
3421 4912 3516 4984 rei,
3559 4911 3620 4965 de

2045 5015 2156 5072 qua
2189 5017 2291 5057 nos
2319 5001 2558 5075 cogitare
2589 5019 2774 5058 sumus
2804 5003 3024 5075 conscii,
3055 5003 3204 5076 quod
3233 5002 3486 5075 exemplo
3514 5013 3622 5054 ma-

2043 5088 2234 5146 ximae
2263 5091 2568 5147 velocitatis
2607 5091 2774 5164 paulo
2807 5096 2936 5149 ante
2978 5091 3212 5148 ostendi.
3297 5091 3414 5146 Nec
3449 5088 3620 5144 minus

2043 5179 2238 5237 abuti
2279 5180 2440 5237 video
2479 5179 2654 5236 nostri
2701 5181 2966 5254 temporis
2993 5179 3242 5238 homines
3279 5178 3492 5250 jactato
3527 5175 3618 5233 illo
