3717 5850
309 364 324 375 ·
341 343 472 414 150

339 501 544 555 fruetus
587 498 747 554 ferat.
824 494 900 551 Et
941 494 1171 551 omnino
1205 494 1314 553 diei
1345 499 1544 569 potest,
1588 496 1919 553 afflictiones
1965 490 1971 576 ζ
2018 501 2140 553 tum
2174 496 2458 570 ‘proeedat
2526 496 3002 562 Quemadmodum
3044 510 3193 553 nune
3234 510 3440 570 magna
3486 514 3617 570 pars

335 604 440 671 pro
481 591 728 660 tempore
769 586 964 659 11111183,
1009 585 1206 641 effectu
1250 586 1426 643 bonas
1469 602 1605 660 eme,
1629 586 1776 641 'eum
1805 586 1921 641 sint
1967 593 1971 670 j
2018 591 2199 643 terrae
2240 590 2465 642 nostrae
2506 588 2778 643 culturam
2816 587 3029 665 recepit
3066 590 3126 642 et
3163 586 3389 660 recipiet
3430 586 3617 659 magis

336 676 460 732 viae
502 673 942 747 compendiariae
973 675 1045 731 ad
1077 672 1348 745 majorem
1379 674 1784 748 perfectionem.
1841 675 1921 730 Ut
1968 731 1973 781 1
2020 675 2321 749 magisque.
2388 675 2463 731 Et
2502 675 2631 733 lieet
2662 692 2853 733 verum
2898 676 2991 750 sit,
3022 675 3303 731 interdum
3332 675 3616 747 quaedam

333 764 396 821 in
449 762 687 837 physicis
739 762 835 835 qui
889 764 1129 836 liquores
1171 764 1318 819 lente
1362 765 1704 837 fermentant,
1751 764 1919 820 etiam
1969 788 1973 846 3
2020 782 2209 822 rursus
2260 764 2551 821 silvescere
2604 770 2703 820 aut
2750 782 2941 821 rursus
2992 764 3203 821 destrui
3244 764 3612 837 depr-imique,

335 852 545 910 tardius
589 851 963 925 meliorantur,
993 852 1090 909 sed
1131 852 1214 908 illi
1257 852 1320 908 in
1347 852 1545 925 quibus
1575 853 1771 909 fortior
1799 870 1923 925 per·
2022 853 2129 911 hoc
2178 858 2367 910 tamen
2422 853 2503 908 ita
2554 852 2932 927 aecipiendum
2989 860 3104 926 est,
3160 858 3225 909 ut
3266 854 3436 927 paulo
3483 857 3615 909 ante

333 941 578 997 turbatio
621 946 732 1014 est,
781 941 1030 1014 partibus
1071 940 1282 1011 majore
1313 941 1372 997 vi
1403 945 1714 997 extrorsum
1743 942 1921 997 versis
1967 979 1973 1026 .'
2019 942 2380 999 afflictionem
2422 941 2769 1015 interpretati
2812 958 3001 999 sumus
3014 982 3033 1015 ,
3086 958 3291 1015 nempe
3330 944 3480 999 hune
3534 942 3615 1015 ip-

333 1030 605 1105 promtius
649 1031 1029 1089 emendantur.
1964 1071 1970 1098 ⁴
2021 1048 2143 1088 sam
2185 1031 2613 1088 destructionem
2668 1031 3187 1105 depmssionemque
3229 1032 3499 1104 prodesse
3540 1032 3613 1087 ad

421 1118 606 1192 Atque
658 1120 762 1175 hoe
813 1124 897 1175 eet
947 1118 1096 1191 quod
1139 1117 1346 1174 diceres
1387 1118 1654 1175 retroeedi
1695 1122 1762 1174 ut
1801 1135 1919 1179 ma·
2018 1120 2467 1194 consequendum
2496 1120 2705 1192 aliquid
2739 1120 2935 1194 majus,
2978 1122 3059 1177 itu
3088 1124 3153 1177 ut
3184 1120 3308 1194 ipso
3340 1119 3615 1193 quodam-

335 1208 454 1280 iore
505 1209 632 1265 nisu
676 1208 879 1265 saltum
933 1207 1100 1264 facias
1141 1206 1204 1262 in
1259 1206 1538 1263 anteriora
1589 1200 1790 1279 (qu’on
1831 1224 1918 1263 re-
1962 1205 1967 1269 i
2016 1211 2183 1266 modo
2227 1211 2432 1266 damno
2475 1211 2763 1266 luoeemur.

333 1296 466 1355 cede
508 1313 652 1371 pour
694 1296 882 1353 mieux
923 1290 1151 1371 muter).
1962 1291 1967 1351 i
2104 1300 2177 1355 Et
2216 1300 2363 1371 quod
2408 1297 2581 1367 objici
2610 1303 2824 1371 posset:
2868 1299 2951 1355 ita
2990 1302 3243 1371 oportere
3272 1301 3339 1353 ut
3367 1296 3613 1353 mundus

421 1388 534 1443 Ista
587 1402 718 1458 ergo
769 1400 884 1442 non
939 1390 1094 1457 grata
1145 1386 1365 1441 tantum
1419 1387 1477 1439 et
1529 1384 1915 1457 consolatoria,
2018 1388 2225 1444 dudum
2268 1390 2445 1444 factus
2488 1387 2657 1443 fuerit
2696 1388 3007 1461 Paradisus,
3052 1386 3339 1461 responsio
3384 1390 3611 1459 praesto

333 1476 430 1532 sed
473 1480 530 1531 et
573 1474 858 1531 verissima
901 1490 1046 1546 esse,
1081 1477 1168 1529 est
1209 1472 1576 1529 statuendum.
1642 1473 1826 1545 Atque
1857 1474 1918 1529 in
1964 1528 1967 1535 ,
2016 1481 2131 1533 est:
2196 1476 2301 1532 etsi
2365 1476 2573 1532 multae
2627 1474 2753 1544 jam
2800 1476 3144 1533 substantiae
3206 1476 3280 1533 ad
3342 1490 3611 1546 magnam

332 1564 648 1620 universum
705 1562 884 1618 sentio
941 1562 1083 1617 nihil.
1133 1578 1256 1617 esse
1311 1565 1367 1617 et
1411 1562 1672 1619 felicitate
1713 1562 1916 1636 verius,
1964 1548 1969 1604 ῗ
2018 1564 2411 1639 perfectionem
2442 1566 2810 1639 pervenerint,
2844 1566 2919 1623 ob
2954 1564 3395 1636 divisibilitutem
3418 1568 3609 1619 tamen

331 1656 388 1709 et
429 1650 640 1707 felicius
683 1650 1000 1721 dulciusque
1035 1651 1281 1705 veritate.
1965 1631 1969 1692 ¹
2018 1654 2265 1710 continui
2318 1655 2380 1710 in
2432 1655 2739 1727 infinitum,
2796 1670 3015 1728 semper
3068 1655 3127 1710 in
3170 1654 3375 1723 abysso
3420 1669 3609 1709 rerum

417 1740 484 1795 111
536 1737 818 1795 cumulum
871 1739 1041 1794 etiam
1085 1738 1502 1811 puldmitudinis
1545 1738 1919 1811 perfeetionis-
1965 1747 1969 1762 '
2020 1760 2303 1817 superesse
2356 1748 2541 1817 portes
2596 1744 2805 1817 sopitas
2848 1746 3023 1801 adhuc
3066 1743 3389 1800 excitandus
3439 1745 3499 1797 et
3539 1742 3609 1798 ad

329 1832 444 1901 que
501 1826 830 1884 universalis
891 1844 1125 1901 opemm
1189 1827 1531 1898 divinorum,
1599 1845 1917 1901 progressus
1964 1809 1969 1846 ¹
2019 1832 2198 1901 maius
2254 1832 2559 1906 meliusque
2602 1836 2661 1889 et
2702 1838 2766 1889 ut
2810 1834 2977 1889 verbo
3020 1833 3229 1904 dieam,
3284 1832 3357 1888 ad
3418 1832 3611 1887 melio·

327 1918 556 1989 quidam
619 1922 917 1990 perpetuus
971 1915 1390 1989 liberi-imusque
1447 1915 1617 1971 totius
1671 1918 1917 1974 universi
1966 1903 1970 1946 ἶ
2018 1938 2137 1978 rem
2192 1923 2402 1978 cultum
2454 1922 2846 1996 provehendas.
2913 1922 3027 1978 Nee
3082 1921 3313 1995 proinde
3356 1936 3607 1993 unquam

327 2009 411 2062 est
453 2006 848 2081 agnoscenduS,
893 2006 975 2063 ita
1017 2009 1082 2062 ut
1123 2006 1195 2063 ad
1238 2004 1508 2075 maiorem
1551 2022 1770 2079 semper
1800 2008 1915 2064 cul-
1964 1956 1972 2095 Ξ
2020 2011 2093 2067 ad
2134 2010 2431 2067 terminum
2473 2028 2793 2085 progressus
2836 2011 3125 2085 perveniri.
3180 2038 3251 2051 -

1403 353 1672 411 XLXIX.
1762 354 2051 412 Lm'rRE
2092 354 2147 410 A
2190 352 2545 411 BASNAGE.

1646 2332 2012 2341 ι---ῄ,---
2043 2335 2078 2341 -.
2099 2336 2272 2343 *-

1817 2580 2152 2713 mx.

1199 2808 2705 2942 LETTRE

462 3029 528 3100 A
579 3021 1074 3102 L'AUTEUR
1125 3029 1262 3100 DE
1317 3024 1889 3106 L'HISTOIRE
1943 3033 2135 3104 DES
2195 3031 2742 3108 OUVRAGES
2807 3037 2998 3110 DES
3056 3037 3461 3120 SAVANS‚

324 3189 776 3248 (ὋΝΤΕΝΑΝΤ
828 3187 932 3244 UN
985 3189 1651 3292 ncmmclssEMEN‘r
1704 3191 1840 3248 ons
1896 3170 2392 3268 DlFFICUL'risss,
2450 3196 2600 3260 QUE
2648 3197 2769 3253 Mn.
2826 3197 3071 3254 BAYLE
3114 3201 3168 3255 A
3210 3180 3596 3256 'mowers
3654 3187 3657 3190 ’

662 3294 858 3351 DANs
901 3293 996 3352 1AE
1038 3295 1370 3352 SYSTEME
1413 3296 1773 3354 NOUVEAU
1817 3299 1919 3355 DE
1972 3299 2267 3356 1:1JN10N
2312 3301 2415 3358 DE
2457 3300 2683 3359 L’AME
2728 3303 2825 3358 ET
2866 3305 2972 3361 DU
3015 3305 3255 3362 ooRPS.

1674 3529 2263 3618 1698.

323 3790 582 3846 (Histoire
617 3792 707 3838 des
743 3795 1006 3850 ouvrages
1041 3795 1134 3840 des
1153 3797 1374 3841 swan·-
1413 3794 1583 3840 sumet
1626 3794 1774 3842 1698.
1807 3806 1858 3851 ιι.
1896 3796 2016 3843 889.
2054 3817 2127 3828 —-
2170 3797 2387 3846 Lclbn.
2424 3800 2547 3855 opp.
2576 3800 2651 3846 ed.
2686 3801 2929 3848 nuens
2974 3805 3196 3851 Tem-11.
3244 3807 3303 3852 Ρ.
3331 3807 3376 3852 1.
3408 3817 3458 3861 p.
3480 3803 3592 3858 π.)

1999 3925 2163 3933 ——a—

2002 4007 2281 4101 servation
2322 4045 2392 4102 de
2436 4038 2633 4119 l’ame,
2678 4052 2735 4103 et
2778 4049 2961 4106 meme
3000 4049 3072 4106 de
3112 4044 3394 4123 l’animal3
3452 4053 3589 4108 mais

2003 4133 2047 4188 il
2100 4148 2175 4188 ne
2228 4135 2411 4206 paroit
2462 4151 2563 4207 pas
2616 4152 2813 4193 encore
2854 4137 3092 4195 satisfuit
3134 4141 3204 4197 de
3244 4141 3303 4198 la
3345 4141 3591 4198 maniere

407 4039 476 4095 Je
517 4039 718 4112 prends
763 4040 818 4094 la
861 4037 1085 4111 liberte,
1141 4039 1454 4114 Monsieur,
1511 4042 1582 4096 de
1625 4057 1764 4097 vous
1807 4057 1905 4098 en-
1948 4039 1955 4061 '

319 4143 494 4197 voyer
548 4131 636 4183 cet
675 4127 1129 4184 eclaircissement
1179 4145 1274 4184 sur
1327 4128 1408 4182 les
1453 4129 1750 4186 difficultes
1795 4147 1903 4202 que

319 4217 431 4272 Mr.
476 4215 688 4285 Bayle
731 4233 767 4271 a
809 4207 1059 4274 trouvees
1103 4218 1242 4274 dans
1277 4209 1632 4290 l’hypothese,
1665 4233 1772 4289 que
1794 4212 1903 4286 j’ai

318 4303 588 4378 proposee
631 4321 770 4376 pour
814 4305 1100 4379 expliquer
1141 4299 1354 4362 l’union
1399 4305 1468 4361 de
1510 4299 1696 4361 l'Ame
1737 4312 1794 4362 et
1823 4307 1901 4364 du

318 4393 507 4466 (bl-ps.
577 4391 718 4450 Rien
760 4387 908 4449 n’est
939 4394 1060 4467 plus
1091 4395 1385 4467 obligant,
1433 4408 1540 4465 que
1571 4394 1628 4450 la
1659 4395 1902 4454 maniere

319 4483 458 4538 dont
497 4481 540 4536 il
584 4499 653 4538 en
683 4499 718 4538 a
745 4482 842 4540 use
869 4480 905 4537 ὲ
931 4499 1066 4539 mon
1103 4481 1298 4555 ἀμνὰς
1341 4486 1399 4537 et
1417 4479 1480 4550 je
1509 4498 1599 4538 me
1635 4483 1776 4540 tiens
1805 4486 1902 4542 ho·

317 4569 455 4628 nore
508 4571 602 4626 des
647 4571 953 4640 objections
995 4561 1126 4643 qu’il
1168 4587 1203 4626 a
1247 4569 1410 4626 mises
1463 4570 1600 4627 (lasis
1643 4589 1749 4628 son
1803 4591 1901 4630 ex·

317 4659 518 4716 eellent
535 4659 930 4734 Dietionnaire,
954 4658 990 4715 ὰ
1010 4652 1238 4715 l’article
1257 4659 1326 4714 de
1347 4657 1526 4716 Rora
1539 4661 1648 4716 riu
1661 4678 1705 4717 s.
1732 4655 1902 4720 D'ail-

319 4749 466 4804 leurs
500 4764 588 4803 un·
620 4749 791 4823 oeprit
833 4748 979 4804 aussi
1022 4746 1193 4820 grand
1236 4750 1294 4801 et
1336 4747 1481 4802 aussi
1524 4751 1762 4821 profond
1791 4767 1901 4825 que

319 4838 374 4892 le
423 4836 544 4893 sien
592 4829 724 4894 n'en
775 4836 985 4893 sauroit
1039 4835 1177 4892 faire
1230 4851 1359 4892 sans
1401 4838 1692 4912 insti-nire,
1745 4846 1802 4898 et
1845 4841 1901 4909 ie

317 4925 560 4982 tscherai
610 4926 680 4982 de
731 4925 954 4998 profiter
1007 4925 1102 4980 des
1155 4923 1410 4982 lumieres
1451 4918 1588 4999 qu’il
1629 4945 1666 4984 a
1704 4928 1899 5003 repan-

2003 4221 2140 4277 dont
2184 4215 2289 4292 j’ai
2342 4223 2605 4296 pretendu
2658 4226 2947 4300 expliquer
2984 4228 3200 4286 l'union
3240 4233 3298 4284 et
3340 4231 3395 4286 le
3438 4248 3589 4286 eom·

2002 4325 2181 4366 merce
2234 4312 2305 4368 de
2356 4305 2523 4369 l’ame
2578 4318 2637 4369 et
2688 4315 2763 4370 du
2818 4333 3007 4390 corps,
3076 4318 3215 4376 dans
3258 4319 3311 4376 le
3352 4319 3588 4378 Journal

2002 4400 2099 4457 des
2120 4401 2357 4468 Seavans
2400 4402 2474 4458 (111
2523 4401 2779 4460 27.Juin
2808 4410 2865 4461 et
2897 4405 2971 4460 du
3002 4409 3063 4462 4.
3085 4407 3279 4464 Juillet
3316 4409 3488 4466 1695
3530 4404 3585 4479 ¹)

2002 4491 2061 4544 et
2103 4489 2241 4544 dans
2283 4481 2565 4548 l’Histoire
2606 4491 2701 4548 des
2732 4494 3011 4568 Onu-ages
3054 4497 3151 4552 des
3181 4499 3441 4572 Scevens,
3491 4499 3589 4554 Fe·

2002 4576 2147 4634 vrier
2198 4577 2363 4634 1696
2410 4595 2531 4652 pag.
2580 4580 2701 4636 274
2757 4582 2881 4638 275
2915 4577 3007 4653 ²).

2090 4665 2246 4722 Voici
2268 4684 2355 4722 ses
2378 4669 2594 4740 paroles
2608 4709 2625 4742 ,
2661 4671 2756 4742 qui
2775 4673 3049 4730 semblent
3079 4691 3335 4747 marquer
3358 4693 3433 4732 en
3454 4677 3586 4750 quoi

2000 4754 2043 4811 il
2072 4772 2109 4810 a
2138 4755 2332 4812 trouve
2362 4757 2431 4813 de
2450 4757 2507 4814 la
2528 4757 2819 4817 difficulte:
2876 4762 2952 4818 Je
2980 4779 3063 4820 ne
3094 4765 3379 4822 saurois
3413 4783 3582 4822 eom-

2002 4844 2323 4918 prendre,
2370 4846 2555 4920 dit-il,
2602 4837 3185 4909 l'enchainement
3226 4849 3585 4912 d'actions

2000 4933 2312 4990 internos
2374 4940 2445 4991 et
2500 4938 2946 5013 spontaneos,
3012 4941 3129 5014 qui
3184 4943 3400 5002 feroit
3454 4961 3583 5017 que

317 4994 452 5072 dues
505 5031 601 5071 sur
651 5031 740 5070 ees
795 5013 1050 5070 mutieres
1101 5013 1239 5070 dans
1281 5019 1370 5072 eet
1417 5015 1661 5090 endroit,
1726 5018 1899 5076 aussi-
2000 5061 2057 5068 -
2085 5061 2153 5068 -ss
2312 5059 2415 5068 --.-

317 5103 450 5160 bien
506 5120 612 5176 que
667 5102 805 5158 dans
848 5102 1116 5175 plusieurs
1159 5107 1342 5160 autres
1385 5104 1454 5159 de
1498 5121 1599 5162 son
1643 5123 1897 5181 ouvrage.
1928 5143 1935 5150 -

319 5192 367 5250 ll
419 5209 493 5248 ne
548 5189 740 5261 rejette
793 5207 893 5265 pas
935 5209 1002 5250 ee
1041 5209 1148 5265 que
1184 5184 1389 5264 j’avois
1431 5194 1514 5252 dit
1555 5195 1626 5252 de
1669 5196 1726 5252 la
1769 5213 1898 5256 eon-

2078 5137 2131 5202 ¹)
2170 5157 2217 5192 v.
2256 5149 2345 5193 No.
2381 5151 2606 5197 xxxvl.
2642 5155 2845 5199 nostrae
2880 5151 3129 5200 editionis.

2078 5211 2136 5279 ³)
2174 5221 2262 5266 uo.
2298 5220 2551 5268 xxxvn.
