3717 5850
1193 335 1289 394 1v.
1333 337 1690 396 EPISTOLA
1717 339 1824 396 AD
1850 339 2313 410 THOMASIUM.
3268 341 3376 414 51,

98 475 460 535 σπι-1111001133
486 475 682 548 libera,
713 473 830 532 sive
857 475 1058 550 globis,
1085 477 1202 534 sive
1229 479 1512 552 cylindris,
1554 481 1676 537 sive

98 564 366 636 ovalibus,
409 583 528 621 ave
567 565 694 620 aliis
731 565 1130 638 splmeroeideis
1169 572 1410 624 constet:
1456 569 1676 624 00111111-

97 655 260 712 neitas
287 654 464 727 igitur
487 654 777 710 subtilium
797 655 1036 727 partium
1062 660 1150 711 est
1173 657 1421 713 accidens
1441 657 1672 731 plumbi,

95 743 450 815 {lydi-argyro
497 759 634 799 vero
680 743 1001 800 ementialis
1089 745 1258 801 Ratio
1306 747 1438 818 quia
1485 746 1675 802 omnia

95 832 310 889 metalla
337 832 596 888 0111111101·
622 848 698 888 ex
725 832 1066 904 hydrargyro
1103 849 1203 906 per
1240 835 1380 890 salia
1417 835 1549 908 lixo,
1587 851 1674 890 sa·

93 923 220 978 lium
247 924 444 976 autem
467 925 670 977 natura
697 920 950 977 consistit
976 921 1038 977 in
1063 922 1250 994 liguris
1277 923 1573 980 rectilineis
1600 924 1673 980 ad

93 1010 328 1084 quietem
355 1009 524 1083 aptis,
553 1010 680 1066 hinc
707 1010 756 1064 si
782 1009 922 1066 salia
957 1009 1020 1065 in
1057 1026 1202 1082 aqua
1236 1013 1436 1084 soluta,
1476 1017 1673 1086 sponte

95 1099 522 1170 reeongelascere
563 1099 826 1172 sinamus,
877 1098 990 1154 alia
1037 1099 1121 1154 uti
1171 1101 1431 1170 chymieis
1477 1106 1673 1157 notum

95 1193 197 1260 est,
243 1187 592 1260 teu-aedrica,
643 1187 758 1243 alia
815 1188 1155 1260 hexaedrica,
1207 1189 1518 1246 octaedrica
1568 1195 1670 1246 etc.

95 1279 240 1333 nulla
261 1277 506 1332 rotunda
544 1281 642 1333 aut
665 1275 968 1352 curvilinea
1005 1281 1319 1350 appareant.
1406 1277 1550 1334 Hine
1587 1295 1674 1335 sa-

94 1366 168 1422 lia
199 1368 332 1421 sunt
371 1381 540 1422 mma
591 1364 848 1436 fixitatis3
899 1365 1040 1420 salia
1074 1364 1244 1438 igitur
1280 1367 1380 1423 illa
1417 1368 1576 1424 acida
1612 1369 1674 1422 in

95 1461 262 1510 terrae
321 1454 622 1510 visceribus
669 1453 1010 1526 hydrargyro
1069 1456 1226 1526 quasi
1289 1473 1388 1528 per
1433 1456 1672 1512 minima

93 1544 262 1600 mixta
291 1543 604 1616 impediunt
629 1541 1052 1598 curvilineorum
1081 1543 1392 1602 libertatem
1419 1545 1672 1602 interser-

95 1633 254 1702 tione,
283 1635 343 1688 et
367 1632 714 1688 comtituunt
749 1630 1050 1687 metallum.
1115 1631 1182 1688 In
1219 1632 1348 1706 igne
1389 1650 1522 1690 vero
1559 1649 1672 1690 me·

93 1721 282 1778 tallum
322 1721 472 1776 redit
509 1720 581 1776 ad
618 1723 874 1776 natm-am
912 1721 1292 1796 Hymni-gyri,
1337 1722 1480 1796 ignis
1521 1721 1672 1778 enim

91 1827 148 1867 30
171 1811 504 1866 interserens
529 1808 822 1866 subtilibus
848 1809 1114 1882 partibus,
1136 1815 1318 1882 1131103
1345 1811 1672 1868 eurvilineas

91 1898 514 1970 hydrargyrinas
539 1915 576 1954 a
601 1897 756 1970 plani
781 1897 968 1954 lateris
993 1897 1184 1954 salinis
1207 1899 1428 1973 liberat,
1455 1899 1584 1956 hinc
1609 1899 1672 1955 in

89 1988 212 2059 igne
260 1987 456 2042 fluxus.
543 1986 634 2043 lta
683 1989 834 2060 patet
881 1985 981 2042 vix
1021 1987 1309 2060 quicquam
1347 1988 1410 2045 in
1448 1988 1672 2062 physica

91 2076 438 2132 ιιι-1310101103
463 2091 602 2148 esse,
630 2075 778 2147 quod
805 2090 878 2131 ex
905 2077 1206 2132 reformata
1241 2094 1357 2134 non
1383 2077 1674 2135 commode

85 2165 390 2238 expuoemr
413 2169 473 2221 et
499 2164 816 2220 inusta-eum

167 2254 248 2310 X.
293 2254 372 2309 Et
396 2253 530 2310 haec
555 2251 780 2324 quidem
805 2255 1061 2327 exempla
1087 2254 1224 2311 mihi
1263 2255 1334 2311 de
1373 2269 1500 2312 meo
1527 2254 1672 2312 inter

87 2342 436 2399 anibaldum
464 2346 858 2415 succurrerunt,
885 2341 1306 2401 innumeraalia
1325 2345 1400 2401 ab
1427 2343 1552 2400 aliis
1573 2361 1670 2416 per

87 2437 260 2488 totam
297 2430 706 2504 philosophiam
741 2432 1050 2488 naturalem
1099 2437 1477 2505 congerunttm
1548 2433 1669 2490 Huc

87 2521 186 2575 ivit
212 2519 564 2576 Clarissima
593 2520 810 2576 Raeus
837 2519 900 2575 in
927 2521 1080 2578 Clavi
1109 2521 1484 2595 philosophiae
1509 2526 1668 2578 natu-

87 2609 233 2682 ralis,
273 2613 342 2665 ut
377 2609 842 2666 Aristotelem
889 2610 1282 2666 recentioribus
1332 2609 1665 2683 conciliaret,

85 2699 176 2770 qui
205 2706 400 2754 1311100
433 2697 510 2754 ad
537 2711 735 2754 manus
761 2713 878 2754 non
905 2699 1024 2754 fuit.
1069 2699 1260 2772 Neque
1287 2699 1510 2755 Raeus
1539 2715 1667 2755 con-

85 2786 396 2843 ciliatorum
423 2787 572 2842 inter
598 2785 1056 2843 Aristotelem
1095 2792 1152 2843 et
1189 2787 1518 2844 recentiores
1557 2788 1668 2861 pri-

87 2891 203 2932 mus
229 2875 492 2949 3011131100
517 2879 618 2948 est,
649 2879 714 2931 ut
737 2874 962 2949 quidam
989 2877 1044 2933 ei
1081 2875 1368 2945 objiciunt.
1411 2877 1668 2951 Princeps

87 2965 392 3038 Scaliger
417 2964 558 3021 mihi
584 2964 736 3021 viam
754 2966 1008 3022 stravisse
1029 2966 1272 3038 videtur,
1301 2966 1505 3022 nostris
1531 2970 1668 3023 1001-

89 3055 308 3127 110111103
353 3054 734 3111 Kenelmus
782 3054 1134 3125 Digbaeus
1194 3059 1254 3112 et
1299 3054 1421 3124 ejus
1461 3055 1667 3111 assecla

90 3143 377 3199 Thomas
406 3142 705 3215 Anglus,
733 3142 910 3199 1110111
935 3144 1080 3200 libro
1109 3144 1178 3199 (10
1199 3142 1417 3200 animae
1443 3143 1667 3200 immor·

91 3231 314 3303 13111310,
365 3232 460 3287 1110
507 3232 568 3287 in
613 3232 1050 3289 institutionibus
1095 3232 1476 3307 peripatetieiS,
1515 3233 1666 3289 idem

89 3337 156 3376 ex
201 3323 456 3393 profaeso
503 3338 680 3392 egere.
755 3320 870 3377 Nec
917 3321 1188 3379 abludunt
1233 3325 1353 3377 tum
1401 3321 1504 3378 Ab
1515 3322 1665 3378 dias

91 3410 305 3483 Trew,
367 3414 492 3465 tum
549 3408 800 3483 inprimis
855 3410 1207 3467 Erhardus
1265 3409 1662 3482 WcigeliuS.

89 3498 360 3555 Hactenus
385 3514 550 3571 110ωο
577 3502 794 3553 tantum
821 3498 1102 3555 conciliari
1129 3503 1410 3555 ostensum
1438 3504 1538 3572 est,
1577 3514 1666 3555 su·

88 3592 260 3660 peu-est
287 3592 354 3642 ut
383 3590 752 3643 monstremus
781 3591 838 3643 et
863 3587 1075 3644 debere.
1131 3587 1347 3644 Scilicet
1382 3587 1664 3644 Aristo-

89 3675 262 3731 10103
289 3675 352 3731 111
382 3676 426 3731 8
453 3676 612 3749 phys.
653 3676 890 3733 Auditus
915 3676 1092 3749 libris,
1125 3676 1258 3748 quid
1285 3676 1434 3732 aliud
1465 3680 1668 3733 tractat

87 3780 252 3836 qmm
281 3766 531 3837 figuram,
559 3764 1010 3838 magnitudinem,
1041 3769 1270 3837 motum,
1300 3764 1498 3838 locum,
1529 3769 1664 3820 tem-

87 3854 224 3925 pus!
273 3853 318 3909 si
369 3869 504 3925 ergo
547 3854 794 3929 corporis
839 3853 900 3909 in
949 3870 1144 3925 genere
1193 3858 1392 3909 natura
1443 3852 1527 3912 his
1567 3852 1665 3911 ab·

86 3941 344 4013 salvian,
401 3941 650 4015 corporis
705 3942 768 3999 in
822 3942 1000 4015 specie
1054 3946 1252 3999 nattua
1317 3941 1418 3998 tali
1472 3943 1663 4015 figura,

89 4030 184 4085 tali
211 4030 594 4103 magnitudine
619 4035 720 4087 ete.
749 4031 1077 4087 absolvetur.
1153 4032 1226 4088 Et
1265 4048 1398 4087 vero
1439 4030 1520 4087 ait
1547 4032 1665 4104 ipse

91 4118 202 4174 lib.
237 4120 297 4173 3.
339 4123 512 4177 text.
554 4120 656 4175 24.
683 4120 870 4193 phys.
931 4120 1144 4176 Arist.
1183 4135 1409 4177 omnem
1444 4124 1664 4176 natura-

91 4207 192 4263 lem
217 4208 514 4263 seientiam
540 4225 656 4264 esse
682 4208 826 4279 01103
845 4209 1278 4282 magnitudinem
1309 4203 1430 4285 (cui
1459 4208 1664 4265 scilicet

89 4312 334 4353 connexa
365 4291 572 4373 figura)
602 4301 816 4353 motum
843 4302 900 4352 01
929 4301 1159 4371 tempus.
1213 4299 1366 4355 Idem
1393 4297 1663 4353 Aristo-

93 4386 256 4441 teles
295 4386 506 4458 1111331111
532 4386 630 4459 ait,
671 4386 786 4441 Ens
823 4386 1030 4443 mobile
1067 4386 1320 4459 physicae
1357 4386 1664 4455 subjectum

89 4490 210 4545 esse,
253 4474 570 4531 naturalem
607 4475 892 4531 scientiam
938 4492 1098 4548 agere
1137 4476 1366 4531 materia
1393 4478 1450 4531 et
1476 4478 1662 4531 motu:

93 4562 200 4635 lpse
248 4578 476 4635 quoque
523 4564 772 4619 onmium
819 4580 960 4637 quae
996 4564 1058 4619 in
1095 4564 1482 4621 sublunaribus
1527 4564 1664 4620 fiunt

91 4667 302 4707 musam
329 4652 470 4708 facit
496 4652 724 4708 coelum.
787 4652 915 4708 Jam
941 4653 1172 4725 coelum,
1212 4653 1310 4725 ait,
1361 4668 1476 4707 non
1501 4668 1662 4724 agere

95 4739 142 4794 10
179 4740 450 4799 inferiora
487 4740 594 4797 nisi
631 4758 733 4815 per
785 4745 1011 4797 motum.
1074 4742 1262 4798 Motus
1313 4745 1498 4797 autem
1547 4756 1662 4797 0011

95 4829 334 4899 1110110011
373 4829 486 4885 nisi
527 4834 742 4886 motum
777 4834 875 4885 aut
911 4830 1174 4886 terminos
1213 4834 1422 4901 motus,
1465 4844 1662 4903 nempe

95 4918 519 4990 unguitudinem
547 4923 608 4973 et
632 4918 878 4991 figuram,
917 4923 974 4973 et
1001 4936 1073 4975 ex
1101 4919 1184 4975 his
1209 4918 1561 4974 resultantem
1590 4918 1661 4973 si-

97 5010 216 5079 tum,
244 5006 574 5063 distantiam
600 5012 702 5063 ete.
764 5008 853 5063 Ex
879 5006 962 5062 his
991 5008 1158 5081 igitur
1183 5006 1374 5063 omnia
1400 5006 1662 5080 explicari

97 5094 280 5151 debent
307 5097 370 5152 in
393 5095 762 5153 naturalibus·
823 5096 976 5153 Idem
1005 5094 1432 5154 Aristoteles
1461 5096 1662 5167 passim

99 5181 184 5255 ait,
219 5185 308 5253 (in
337 5186 437 5242 lib.
490 5185 548 5241 1.
577 5185 648 5242 (10
687 5186 840 5258 phys.
881 5186 1004 5243 aud.
1046 5189 1180 5242 text.
1215 5177 1344 5260 69.)
1383 5200 1508 5240 0301
1545 5202 1662 5242 esse

1777 482 2051 540 rationem
2088 485 2233 540 aeris
2268 485 2343 541 ad
2379 489 2591 543 statuae
2628 489 2873 562 figuram,
2914 505 3057 564 quae
3094 491 3357 550 103101·ὴο

1777 571 1848 626 ad
1891 574 2145 628 sormam.
2231 573 2519 631 Caeterum
2557 577 2786 649 figuram
2824 597 2941 636 esse
2968 579 3353 654 substantiam,

1775 664 1873 716 aut
1898 654 2081 733 potitus
2118 661 2358 734 spatium
2395 679 2512 720 esse
2548 665 2928 742 substantiam,
2971 671 3201 742 figuram
3236 687 3355 727 esse

1774 749 2039 821 quiddam
2096 751 2475 826 substantiale,
2534 755 2893 825 probaveram
2906 798 2922 829 ,
2980 759 3113 830 quia
3168 759 3355 816 omnis

1773 838 2001 894 seientia
2039 834 2113 894 311
2149 839 2219 894 (10
2255 841 2588 914 substantia,
2640 844 2955 900 Geometria
2992 851 3177 904 autem
3216 847 3352 921 quin

1773 927 2001 983 seientia
2026 929 2102 984 sit
2126 929 2316 1000 negari
2342 946 2459 986 non
2486 931 2677 1003 possit.
2740 933 2915 990 Fuere
2940 935 3033 1006 qui
3062 937 3351 1010 responde-

1772 1019 1899 1072 rent
1934 1015 2095 1071 citius
2130 1017 2313 1073 locum
2363 1018 2549 1075 affin-ri
2586 1035 2622 1074 a
2658 1037 2717 1076 se
2758 1038 2944 1095 posse,
2986 1038 3097 1096 quo
3133 1023 3350 1081 Arist.

1773 1105 2147 1161 Geometriam
2195 1123 2313 1163 esse
2359 1107 2645 1164 scientiam
2692 1110 2988 1183 negaverit,
3040 1127 3207 1184 quam
3248 1131 3353 1186 ego

1771 1193 2133 1266 producturus
2160 1194 2284 1268 sim,
2324 1211 2435 1268 quo
2473 1197 2692 1253 dixerit.
2770 1200 2889 1272 Ego
2929 1216 3063 1255 vero
3097 1217 3215 1256 non
3252 1202 3350 1257 du-

1772 1281 1911 1354 bito,
1943 1299 2059 1338 0300
2086 1283 2271 1355 aliqua
2298 1284 2419 1340 loca
2446 1281 2883 1359 Α1131ο10113,
2912 1303 3051 1360 quae
3078 1289 3183 1346 huc
3210 1288 3351 1345 trahi

1771 1371 2081 1444 torquerive
2108 1373 2337 1445 possint,
2366 1374 2463 1429 sed
2490 1377 2676 1430 tamen
2704 1391 2771 1431 ea
2813 1375 3040 1432 infinitis
3076 1377 3202 1432 aliis
3230 1377 3350 1446 ejus

1770 1459 2201 1517 confessionibus
2248 1463 2409 1517 obrui
2458 1469 2610 1535 puto.
2697 1465 2844 1529 Quid
2890 1465 3041 1521 enim
3090 1465 3351 1522 omnibus

1772 1547 2193 1617 Analyticorum
2244 1549 2402 1606 libris
2450 1553 2867 1608 Geometrarum
2916 1555 3185 1627 exemplis
3246 1557 3351 1611 ibe·

1771 1636 2041 1708 quentius,
2080 1641 2145 1694 ut
2180 1636 2433 1694 videatur
2460 1640 2951 1698 demonstrationes
2976 1642 3351 1700 Geometricas

1771 1725 1923 1781 velut
1968 1741 2280 1781 mensuram
2326 1732 2661 1784 caeterarum
2714 1746 2832 1786 esse
2882 1731 3133 1788 voluisse.
3218 1732 3349 1788 Jam

1770 1813 1957 1886 inepte
2004 1813 2301 1886 ignobilius
2348 1816 2638 1872 nobilioris
2686 1832 2941 1874 mensura
2984 1819 3346 1876 constituitur.

1772 1903 1846 1958 Et
1894 1917 2025 1960 vero
2074 1907 2192 1958 tam
2228 1901 2443 1973 abjecte
2490 1904 2561 1961 de
2596 1905 2997 1963 Mathematieis
3044 1909 3347 1966 scholastici

1771 1990 2011 2065 primum
2038 1996 2337 2066 senserunt,
2370 1992 2527 2048 omni
2554 1997 2756 2049 conatu
2794 1994 2855 2050 id
2893 1999 3131 2069 agentes,
3172 2002 3237 2052 ut
3274 2013 3347 2054 ex

1768 2081 2130 2154 perfectarum
2158 2080 2507 2138 scientiarum
2542 2098 2773 2139 numero
2798 2083 3075 2140 Mathesin
3098 2085 3351 2142 exclude-

1769 2172 1911 2226 rent.
1975 2169 2181 2226 Contra
2220 2168 2573 2226 manifestum
2610 2175 2824 2227 textum
2863 2173 3249 2229 Aritotelis
3284 2173 3349 2230 in

1769 2257 1917 2314 libro
1952 2257 2007 2312 1.
2044 2258 2425 2331 posteriorum,
2455 2263 2591 2316 text.
2626 2260 2727 2316 31.
2756 2261 3079 2333 Figurarum
3106 2261 3353 2320 maxime

1768 2346 2063 2403 scientialis
2090 2351 2175 2403 est
2192 2347 2387 2420 prima,
2418 2348 2549 2421 quia
2584 2349 3003 2406 Mathematicus
3028 2366 3097 2406 ea
3139 2351 3349 2407 faciunt

1767 2427 2309 2508 demonstrationem,
2370 2440 2435 2492 ut
2487 2436 2866 2512 Arithmetica,
2918 2439 3234 2495 Geometria
3290 2444 3347 2496 et

1768 2523 2115 2598 Perspectiva
2142 2529 2199 2580 et
2224 2541 2415 2582 omnes
2454 2540 2596 2598 quae
2622 2526 2791 2599 ipsius
2828 2531 3052 2600 propter
3090 2527 3225 2600 quid
3252 2527 3346 2584 de·

1768 2613 2223 2670 monstrationem
2262 2613 2483 2670 faciunt.
2546 2615 2788 2672 Utuntur
2826 2633 2895 2672 eo
2934 2616 3221 2689 praecipue
3258 2633 3345 2672 ar·

1767 2706 2043 2774 gemente,
2086 2703 2235 2774 quod
2272 2719 2389 2759 non
2427 2719 2641 2776 semper
2678 2721 2751 2760 ex
2776 2704 2954 2761 030313
2991 2705 3343 2760 demonstret.

1766 2791 1874 2847 Sed
1918 2791 1967 2845 si
1996 2807 2115 2846 rem
2152 2790 2451 2864 cogitemus
2490 2792 2754 2866 curatius,
2793 2793 3082 2867 apparebit
3118 2793 3343 2849 demon·

1765 2883 1939 2936 strare
1967 2895 2091 2935 eam
2120 2895 2193 2936 ex
2218 2881 2411 2937 0311313.
2453 2881 2807 2938 Demonstrat
2833 2881 2983 2938 enim
3010 2883 3241 2955 figmam
3266 2897 3340 2938 ex

1765 2974 1941 3041 motu,
1972 2985 2025 3023 v.
2056 2986 2107 3041 g.
2135 2986 2209 3025 ex
2246 2974 2401 3026 motu
2440 2970 2627 3042 puncti
2656 2971 2831 3028 oritur
2867 2972 3030 3043 linea,
3072 2988 3145 3027 ex
3183 2974 3339 3029 motu

1765 3058 1943 3114 lineae
1974 3058 2292 3130 superficies,
2324 3075 2397 3114 ex
2424 3064 2583 3115 motu
2619 3059 2916 3133 superficiei
2952 3075 3163 3133 corpus.
3252 3060 3341 3115 Ex

1765 3150 1925 3202 motu
1972 3150 2151 3203 rectae
2202 3163 2366 3219 super
2412 3151 2561 3203 recta
2598 3148 2775 3204 oritur
2820 3148 3177 3204 rectilineum.
3250 3148 3340 3204 Ex

1765 3238 1921 3290 motu
1990 3238 2170 3291 rectae
2240 3235 2383 3292 circa
2452 3240 2717 3309 punctum
2790 3236 3083 3292 immotum
3164 3236 3341 3293 oritur

1763 3312 2011 3398 circuluS,
2040 3328 2141 3379 ete.
2180 3324 2622 3381 Constructiones
2648 3325 2941 3397 figurarum
2968 3330 3096 3381 sunt
3124 3329 3339 3397 motus3

1757 3412 1883 3483 jam
1919 3430 1991 3469 ex
2028 3412 2519 3470 constructionibus
2564 3414 2879 3471 affectiones
2916 3414 2985 3470 (10
3025 3414 3211 3486 figuris
3248 3414 3340 3469 de-

1765 3505 2155 3558 monstrantur.
2242 3502 2389 3575 Ergo
2427 3518 2500 3558 ex
2526 3506 2699 3576 motu,
2738 3508 2797 3559 et
2822 3519 2921 3576 per
2944 3518 3277 3575 consequens
3304 3518 3341 3559 a

1763 3589 1953 3664 priori,
1982 3594 2040 3646 et
2067 3606 2140 3646 ex
2176 3606 2355 3646 eausa.
2420 3591 2737 3647 Geometria
2763 3591 2929 3663 igitur
2954 3608 3085 3647 vera
3112 3590 3341 3648 scientia

1763 3682 1863 3735 est.
1928 3679 2075 3752 Ergo
2102 3696 2217 3733 000
2245 3680 2421 3741 invito
2449 3680 2841 3736 Aristotele
2880 3677 3155 3748 objectum
3194 3679 3337 3749 ejus,

1763 3782 1962 3840 nempe
1988 3766 2243 3840 spatium,
2276 3768 2583 3823 substantia
2610 3768 2731 3824 erit.
2814 3767 3005 3839 Neque
3039 3784 3171 3823 vero
3196 3768 3337 3823 adeo

1761 3856 2061 3913 absurdum
2086 3860 2188 3927 est,
2218 3856 2589 3911 Geometriam
2607 3872 2767 3929 agere
2794 3855 2863 3911 de
2890 3858 3067 3911 forma
3086 3856 3337 3911 substan·

1763 3944 1885 4000 fiali
1932 3960 2239 4018 corporum.
2316 3944 2454 4000 Ecce
2488 3943 2641 4002 enim
2688 3944 2870 3999 locum
2912 3939 3336 4000 Aristotelis

1771 4034 1800 4088 1
1813 4033 1871 4089 3.
1908 4034 2041 4089 Met.
2082 4037 2217 4089 text.
2262 4032 2319 4087 3.
2356 4048 2465 4105 quo
2516 4048 2769 4106 expresse
2806 4032 2969 4105 dicit,
3016 4034 3335 4089 Geometras

1763 4122 2075 4179 abstrahere
2100 4138 2137 4177 a
2163 4121 2411 4193 materia,
2448 4122 2557 4178 tine
2582 4126 2639 4177 ct
2666 4120 2958 4193 efficiente,
2998 4137 3108 4194 quo
3136 4138 3334 4196 suppo·

1763 4210 1873 4267 sito
1899 4211 2156 4283 sequitur,
2200 4214 2263 4266 ut
2299 4210 2388 4265 vel
2416 4210 2485 4265 de
2524 4212 2701 4267 forma
2738 4210 3083 4267 substantiali
3120 4211 3210 4267 vel
3248 4227 3333 4267 ac·

1763 4300 2023 4356 cidentali
2057 4303 2203 4371 agat.
2266 4300 2373 4355 Sed
2412 4314 2525 4355 11011
2562 4300 2679 4372 agit
2706 4298 2777 4354 de
2812 4298 3129 4355 accidentali
3142 4338 3160 4371 ‚
3202 4299 3333 4371 quia

1764 4391 1943 4445 forma
1970 4386 2317 4444 accidentalis
2358 4387 2418 4443 in
2446 4404 2547 4443 sua
2574 4387 2889 4444 definitione
2925 4388 3061 4444 reali
3098 4388 3334 4444 involvit

1762 4476 2065 4546 subjectum
2094 4476 2153 4531 in
2182 4493 2293 4548 quo
2318 4481 2417 4549 est,
2458 4491 2553 4532 seu
2590 4477 2897 4549 materiam,
2938 4492 3109 4549 quum
3146 4481 3333 4534 tamen

1761 4566 2197 4622 Aristoteles
2226 4565 2375 4620 dicat
2400 4565 2767 4621 Geometriam
2806 4582 2843 4621 a
2868 4566 3097 4621 materia
3122 4566 3333 4623 abstra-

1759 4656 1914 4713 here:
1956 4654 2103 4726 Ergo
2140 4654 2455 4709 Geometria
2491 4653 2607 4726 agit
2644 4654 2715 4710 de
2752 4656 2929 4710 forma
2966 4654 3329 4711 substantiali.

1762 4743 1905 4799 Hinc
1932 4742 2065 4797 mihi
2094 4743 2225 4797 haec
2250 4742 2509 4797 scribenti
2536 4742 2639 4798 sub
2668 4742 2923 4799 manibus
2946 4742 3187 4799 nascitur
3212 4744 3331 4817 pul·

1759 4832 1889 4887 clu-a
1946 4831 2214 4903 quaedam
2260 4831 2609 4887 scientiarum
2656 4830 2969 4904 harmonia,
3018 4848 3215 4904 nempe
3269 4846 3331 4887 m

1760 4923 1951 4976 exacte
1970 4936 2233 4993 perpensa
2246 4938 2263 4973 2
2290 4920 2589 4993 Theologia
2615 4934 2707 4975 seu
2729 4920 3099 4992 Metaphysica
3119 4920 3233 4991 agit
3258 4918 3330 4973 de

1759 5024 1943 5066 rerum
1969 5008 2253 5081 efficiente,
2281 5024 2479 5081 nempe
2504 5013 2703 5081 100010,
2732 5008 3079 5081 Philosophia
3106 5006 3329 5063 moralis

1761 5096 1893 5171 (seu
1918 5098 2155 5171 practica
2192 5098 2280 5152 vel
2320 5098 2513 5169 civilis,
2552 5112 2701 5169 nam,
2742 5102 2805 5154 ut
2830 5112 2865 5152 a
2882 5100 2957 5151 ‘te
2992 5096 3177 5167 didici,
3216 5111 3335 5151 una·

1761 5186 2060 5259 eademque
2086 5185 2311 5243 seientia
2339 5178 2457 5261 est)
2499 5185 2613 5257 agit
2640 5186 2709 5243 (10
2736 5202 2915 5242 rerum
2954 5186 3087 5255 tine,
3130 5199 3329 5259 nempe

2516 5273 2546 5327 7
2567 5266 2600 5300 ue
