<?xml version="1.0" encoding="UTF-8"?>
<!DOCTYPE html PUBLIC "-//W3C//DTD XHTML 1.0 Transitional//EN"
    "http://www.w3.org/TR/xhtml1/DTD/xhtml1-transitional.dtd">
<html xmlns="http://www.w3.org/1999/xhtml" xml:lang="en" lang="en">
 <head>
  <title>
</title>
<meta http-equiv="Content-Type" content="text/html;charset=utf-8" />
  <meta name='ocr-system' content='tesseract 3.04.00' />
  <meta name='ocr-capabilities' content='ocr_page ocr_carea ocr_par ocr_line ocrx_word'/>
</head>
<body>
  <div class='ocr_page' id='page_1' title='image "./godguilleibniti00erdmgoog_0722.png"; bbox 0 0 3717 5850; ppageno 0'>
   <div class='ocr_carea' id='block_1_1' title="bbox 267 335 482 424">
    <p class='ocr_par' dir='ltr' id='par_1_1' title="bbox 267 335 482 424">
     <span class='ocr_line' id='line_1_1' title="bbox 267 335 482 424; baseline -0.009 -26"><span class='ocrx_word' id='word_1_1' title='bbox 267 415 275 424; x_wconf 87' lang='lat'><strong>.</strong></span> <span class='ocrx_word' id='word_1_2' title='bbox 348 335 482 398; x_wconf 80' lang='lat' dir='ltr'><strong>eso</strong></span> 
     </span>
    </p>
   </div>
   <div class='ocr_carea' id='block_1_2' title="bbox 1111 330 2831 391">
    <p class='ocr_par' dir='ltr' id='par_1_2' title="bbox 1111 330 2831 391">
     <span class='ocr_line' id='line_1_2' title="bbox 1111 330 2831 391; baseline 0.001 -1"><span class='ocrx_word' id='word_1_3' title='bbox 1111 330 1437 391; x_wconf 79' lang='lat' dir='ltr'><strong>Lxxxm.</strong></span> <span class='ocrx_word' id='word_1_4' title='bbox 1525 332 1635 389; x_wconf 86' lang='lat' dir='ltr'><strong>AD</strong></span> <span class='ocrx_word' id='word_1_5' title='bbox 1676 332 1814 391; x_wconf 82' lang='lat' dir='ltr'><strong>DES</strong></span> <span class='ocrx_word' id='word_1_6' title='bbox 1859 332 2110 391; x_wconf 82' lang='lat' dir='ltr'>BOSSES</span> <span class='ocrx_word' id='word_1_7' title='bbox 2126 339 2140 349; x_wconf 74' lang='lat'><strong><em>⁴</em></strong></span> <span class='ocrx_word' id='word_1_8' title='bbox 2153 330 2572 391; x_wconf 72' lang='lat' dir='ltr'><strong>EPIS&#39;FOLAE.</strong></span> <span class='ocrx_word' id='word_1_9' title='bbox 2618 332 2831 391; x_wconf 84' lang='lat' dir='ltr'><strong>xvm.</strong></span> 
     </span>
    </p>
   </div>
   <div class='ocr_carea' id='block_1_3' title="bbox 356 458 3688 551">
    <p class='ocr_par' dir='ltr' id='par_1_3' title="bbox 356 458 3688 551">
     <span class='ocr_line' id='line_1_3' title="bbox 356 458 3688 551; baseline -0.001 -15"><span class='ocrx_word' id='word_1_10' title='bbox 356 478 488 537; x_wconf 84' lang='lat' dir='ltr'><strong>Non</strong></span> <span class='ocrx_word' id='word_1_11' title='bbox 526 474 680 551; x_wconf 89' lang='lat' dir='ltr'><strong>potui</strong></span> <span class='ocrx_word' id='word_1_12' title='bbox 720 488 833 530; x_wconf 87' lang='lat' dir='ltr'><strong>non</strong></span> <span class='ocrx_word' id='word_1_13' title='bbox 871 473 1016 530; x_wconf 82' lang='lat' dir='ltr'><strong>hunc</strong></span> <span class='ocrx_word' id='word_1_14' title='bbox 1054 473 1303 545; x_wconf 88' lang='lat' dir='ltr'><strong>parentis</strong></span> <span class='ocrx_word' id='word_1_15' title='bbox 1347 488 1593 529; x_wconf 85' lang='lat' dir='ltr'><strong>amorem</strong></span> <span class='ocrx_word' id='word_1_16' title='bbox 1635 474 1694 530; x_wconf 89' lang='lat' dir='ltr'><strong>in</strong></span> <span class='ocrx_word' id='word_1_17' title='bbox 1724 474 1953 545; x_wconf 75' lang='lat' dir='ltr'><strong>foetum,</strong></span> <span class='ocrx_word' id='word_1_18' title='bbox 2037 472 2295 543; x_wconf 85' lang='lat' dir='ltr'><strong>caeteris,</strong></span> <span class='ocrx_word' id='word_1_19' title='bbox 2336 487 2475 543; x_wconf 86' lang='lat' dir='ltr'><strong>quae</strong></span> <span class='ocrx_word' id='word_1_20' title='bbox 2517 471 2649 529; x_wconf 87' lang='lat' dir='ltr'><strong>inde</strong></span> <span class='ocrx_word' id='word_1_21' title='bbox 2688 474 2985 546; x_wconf 84' lang='lat' dir='ltr'><strong>resultant,</strong></span> <span class='ocrx_word' id='word_1_22' title='bbox 3024 477 3083 529; x_wconf 87' lang='lat' dir='ltr'><strong>et</strong></span> <span class='ocrx_word' id='word_1_23' title='bbox 3110 488 3253 546; x_wconf 84' lang='lat' dir='ltr'><strong>quae</strong></span> <span class='ocrx_word' id='word_1_24' title='bbox 3280 476 3413 533; x_wconf 74' lang='lat' dir='ltr'><strong>sola</strong></span> <span class='ocrx_word' id='word_1_25' title='bbox 3446 458 3688 533; x_wconf 73' lang='lat' dir='ltr'><strong>existe-3</strong></span> 
     </span>
    </p>
   </div>
   <div class='ocr_carea' id='block_1_4' title="bbox 362 560 3669 1157">
    <p class='ocr_par' dir='ltr' id='par_1_4' title="bbox 362 560 3669 1157">
     <span class='ocr_line' id='line_1_4' title="bbox 363 560 3669 635; baseline -0.001 -13"><span class='ocrx_word' id='word_1_26' title='bbox 363 568 425 623; x_wconf 88' lang='lat' dir='ltr'><strong>in</strong></span> <span class='ocrx_word' id='word_1_27' title='bbox 467 563 768 621; x_wconf 85' lang='lat' dir='ltr'><strong>novissima</strong></span> <span class='ocrx_word' id='word_1_28' title='bbox 795 560 1078 635; x_wconf 86' lang='lat' dir='ltr'><strong>Epistola,</strong></span> <span class='ocrx_word' id='word_1_29' title='bbox 1131 562 1186 617; x_wconf 86' lang='lat' dir='ltr'><strong>ei</strong></span> <span class='ocrx_word' id='word_1_30' title='bbox 1225 578 1336 618; x_wconf 91' lang='lat' dir='ltr'><strong>non</strong></span> <span class='ocrx_word' id='word_1_31' title='bbox 1373 560 1514 617; x_wconf 85' lang='lat' dir='ltr'><strong>nihil</strong></span> <span class='ocrx_word' id='word_1_32' title='bbox 1555 560 1798 631; x_wconf 86' lang='lat' dir='ltr'><strong>objicere</strong></span> <span class='ocrx_word' id='word_1_33' title='bbox 1811 601 1829 635; x_wconf 90' lang='lat'><strong>,</strong></span> <span class='ocrx_word' id='word_1_34' title='bbox 1879 564 1954 633; x_wconf 86' lang='lat' dir='ltr'><strong>et,</strong></span> <span class='ocrx_word' id='word_1_35' title='bbox 2040 565 2181 633; x_wconf 87' lang='lat' dir='ltr'><strong>rent,</strong></span> <span class='ocrx_word' id='word_1_36' title='bbox 2212 561 2258 616; x_wconf 88' lang='lat' dir='ltr'><strong>si</strong></span> <span class='ocrx_word' id='word_1_37' title='bbox 2290 576 2403 617; x_wconf 90' lang='lat' dir='ltr'><strong>non</strong></span> <span class='ocrx_word' id='word_1_38' title='bbox 2430 560 2653 616; x_wconf 88' lang='lat' dir='ltr'><strong>daretur</strong></span> <span class='ocrx_word' id='word_1_39' title='bbox 2670 560 2987 635; x_wconf 25' lang='lat' dir='ltr'><strong>§substantia</strong></span> <span class='ocrx_word' id='word_1_40' title='bbox 3016 561 3309 617; x_wconf 83' lang='lat' dir='ltr'><strong>unionalis.</strong></span> <span class='ocrx_word' id='word_1_41' title='bbox 3400 562 3475 618; x_wconf 86' lang='lat' dir='ltr'><strong>Si</strong></span> <span class='ocrx_word' id='word_1_42' title='bbox 3508 564 3669 619; x_wconf 78' lang='lat' dir='ltr'><strong>abes-</strong></span> 
     </span>
     <span class='ocr_line' id='line_1_5' title="bbox 365 646 3669 726; baseline 0 -19"><span class='ocrx_word' id='word_1_43' title='bbox 365 653 495 726; x_wconf 85' lang='lat' dir='ltr'><strong>quia</strong></span> <span class='ocrx_word' id='word_1_44' title='bbox 522 650 764 706; x_wconf 88' lang='lat' dir='ltr'><strong>liticulae</strong></span> <span class='ocrx_word' id='word_1_45' title='bbox 793 650 976 706; x_wconf 88' lang='lat' dir='ltr'><strong>taedio</strong></span> <span class='ocrx_word' id='word_1_46' title='bbox 1005 654 1196 722; x_wconf 87' lang='lat' dir='ltr'><strong>captus</strong></span> <span class='ocrx_word' id='word_1_47' title='bbox 1230 646 1474 722; x_wconf 79' lang='lat' dir='ltr'><strong>videtur,</strong></span> <span class='ocrx_word' id='word_1_48' title='bbox 1517 649 1682 705; x_wconf 85' lang='lat' dir='ltr'><strong>finem</strong></span> <span class='ocrx_word' id='word_1_49' title='bbox 1711 648 1763 703; x_wconf 90' lang='lat' dir='ltr'><strong>ei</strong></span> <span class='ocrx_word' id='word_1_50' title='bbox 1793 647 1960 703; x_wconf 87' lang='lat' dir='ltr'><strong>simul</strong></span> <span class='ocrx_word' id='word_1_51' title='bbox 2041 652 2125 705; x_wconf 90' lang='lat' dir='ltr'><strong>set</strong></span> <span class='ocrx_word' id='word_1_52' title='bbox 2154 648 2291 707; x_wconf 90' lang='lat' dir='ltr'><strong>illud</strong></span> <span class='ocrx_word' id='word_1_53' title='bbox 2320 648 2621 705; x_wconf 79' lang='lat' dir='ltr'><strong>monadum</strong></span> <span class='ocrx_word' id='word_1_54' title='bbox 2649 647 3011 705; x_wconf 69' lang='lat' dir='ltr'><strong>substantiale</strong></span> <span class='ocrx_word' id='word_1_55' title='bbox 3041 648 3354 722; x_wconf 82' lang='lat' dir='ltr'><strong>vinculum,</strong></span> <span class='ocrx_word' id='word_1_56' title='bbox 3412 665 3669 721; x_wconf 74' lang='lat' dir='ltr'><strong>corpora</strong></span> 
     </span>
     <span class='ocr_line' id='line_1_6' title="bbox 362 735 3669 811; baseline -0.001 -15"><span class='ocrx_word' id='word_1_57' title='bbox 362 740 670 811; x_wconf 79' lang='lat' dir='ltr'>imponere:</span> <span class='ocrx_word' id='word_1_58' title='bbox 701 740 911 793; x_wconf 86' lang='lat' dir='ltr'><strong>interca</strong></span> <span class='ocrx_word' id='word_1_59' title='bbox 937 737 1077 793; x_wconf 86' lang='lat' dir='ltr'><strong>nihil</strong></span> <span class='ocrx_word' id='word_1_60' title='bbox 1099 738 1299 810; x_wconf 79' lang='lat' dir='ltr'><strong>obstat,</strong></span> <span class='ocrx_word' id='word_1_61' title='bbox 1332 737 1548 810; x_wconf 82' lang='lat' dir='ltr'><strong>opinor,</strong></span> <span class='ocrx_word' id='word_1_62' title='bbox 1580 736 1715 807; x_wconf 90' lang='lat' dir='ltr'><strong>quin</strong></span> <span class='ocrx_word' id='word_1_63' title='bbox 1740 735 1959 807; x_wconf 83' lang='lat' dir='ltr'><strong>Episto·</strong></span> <span class='ocrx_word' id='word_1_64' title='bbox 2044 738 2234 793; x_wconf 87' lang='lat' dir='ltr'><strong>omnia</strong></span> <span class='ocrx_word' id='word_1_65' title='bbox 2281 752 2408 791; x_wconf 88' lang='lat' dir='ltr'><strong>cum</strong></span> <span class='ocrx_word' id='word_1_66' title='bbox 2458 735 2716 791; x_wconf 88' lang='lat' dir='ltr'><strong>omnibus</strong></span> <span class='ocrx_word' id='word_1_67' title='bbox 2768 735 2883 791; x_wconf 85' lang='lat' dir='ltr'><strong>suis</strong></span> <span class='ocrx_word' id='word_1_68' title='bbox 2922 735 3285 805; x_wconf 86' lang='lat' dir='ltr'><strong>qualitatibus</strong></span> <span class='ocrx_word' id='word_1_69' title='bbox 3324 736 3482 791; x_wconf 82' lang='lat' dir='ltr'><strong>nihil</strong></span> <span class='ocrx_word' id='word_1_70' title='bbox 3514 739 3669 793; x_wconf 70' lang='lat' dir='ltr'><strong>alim</strong></span> 
     </span>
     <span class='ocr_line' id='line_1_7' title="bbox 2046 822 3665 897; baseline 0 -18"><span class='ocrx_word' id='word_1_71' title='bbox 2046 825 2230 881; x_wconf 84' lang='lat' dir='ltr'><strong>forent</strong></span> <span class='ocrx_word' id='word_1_72' title='bbox 2260 840 2444 897; x_wconf 89' lang='lat' dir='ltr'><strong>-quam</strong></span> <span class='ocrx_word' id='word_1_73' title='bbox 2492 824 2873 895; x_wconf 81' lang='lat' dir='ltr'><strong>phaenomena</strong></span> <span class='ocrx_word' id='word_1_74' title='bbox 2914 822 3051 879; x_wconf 88' lang='lat' dir='ltr'><strong>bene</strong></span> <span class='ocrx_word' id='word_1_75' title='bbox 3090 823 3355 896; x_wconf 79' lang='lat' dir='ltr'><strong>fundata,</strong></span> <span class='ocrx_word' id='word_1_76' title='bbox 3416 828 3495 879; x_wconf 81' lang='lat' dir='ltr'><strong>ut</strong></span> <span class='ocrx_word' id='word_1_77' title='bbox 3550 826 3665 883; x_wconf 81' lang='lat' dir='ltr'><strong>iris.</strong></span> 
     </span>
     <span class='ocr_line' id='line_1_8' title="bbox 2046 910 3665 984; baseline 0 -17"><span class='ocrx_word' id='word_1_78' title='bbox 2046 916 2142 967; x_wconf 89' lang='lat' dir='ltr'><strong>aut</strong></span> <span class='ocrx_word' id='word_1_79' title='bbox 2190 913 2375 981; x_wconf 84' lang='lat' dir='ltr'><strong>imago</strong></span> <span class='ocrx_word' id='word_1_80' title='bbox 2416 911 2478 965; x_wconf 92' lang='lat' dir='ltr'><strong>in</strong></span> <span class='ocrx_word' id='word_1_81' title='bbox 2517 911 2767 984; x_wconf 86' lang='lat' dir='ltr'><strong>speculo,</strong></span> <span class='ocrx_word' id='word_1_82' title='bbox 2820 910 3024 983; x_wconf 80' lang='lat' dir='ltr'><strong>verbo,</strong></span> <span class='ocrx_word' id='word_1_83' title='bbox 3074 912 3293 965; x_wconf 86' lang='lat' dir='ltr'><strong>somnia</strong></span> <span class='ocrx_word' id='word_1_84' title='bbox 3320 913 3665 967; x_wconf 71' lang='lat' dir='ltr'><strong>continuata</strong></span> 
     </span>
     <span class='ocr_line' id='line_1_9' title="bbox 2046 997 3665 1072; baseline 0.001 -19"><span class='ocrx_word' id='word_1_85' title='bbox 2046 1000 2282 1072; x_wconf 77' lang='lat' dir='ltr'><strong>perfecte</strong></span> <span class='ocrx_word' id='word_1_86' title='bbox 2310 998 2667 1068; x_wconf 78' lang='lat' dir='ltr'><strong>congruentia</strong></span> <span class='ocrx_word' id='word_1_87' title='bbox 2696 997 2802 1055; x_wconf 90' lang='lat' dir='ltr'><strong>sibi</strong></span> <span class='ocrx_word' id='word_1_88' title='bbox 2833 997 2997 1069; x_wconf 82' lang='lat' dir='ltr'><strong>ipsis;</strong></span> <span class='ocrx_word' id='word_1_89' title='bbox 3051 1004 3105 1053; x_wconf 89' lang='lat' dir='ltr'><strong>et</strong></span> <span class='ocrx_word' id='word_1_90' title='bbox 3146 1000 3207 1053; x_wconf 89' lang='lat' dir='ltr'><strong>in</strong></span> <span class='ocrx_word' id='word_1_91' title='bbox 3235 998 3345 1054; x_wconf 82' lang='lat' dir='ltr'><strong>boc</strong></span> <span class='ocrx_word' id='word_1_92' title='bbox 3374 1014 3511 1053; x_wconf 81' lang='lat' dir='ltr'><strong>uno</strong></span> <span class='ocrx_word' id='word_1_93' title='bbox 3540 1016 3665 1055; x_wconf 77' lang='lat' dir='ltr'><strong>con-</strong></span> 
     </span>
     <span class='ocr_line' id='line_1_10' title="bbox 2044 1085 3665 1157; baseline 0 -16"><span class='ocrx_word' id='word_1_94' title='bbox 2044 1086 2261 1142; x_wconf 80' lang='lat' dir='ltr'><strong>sisteret</strong></span> <span class='ocrx_word' id='word_1_95' title='bbox 2286 1086 2483 1143; x_wconf 86' lang='lat' dir='ltr'><strong>horum</strong></span> <span class='ocrx_word' id='word_1_96' title='bbox 2510 1086 3015 1157; x_wconf 80' lang='lat' dir='ltr'><strong>phaenomeuorum</strong></span> <span class='ocrx_word' id='word_1_97' title='bbox 3042 1085 3283 1143; x_wconf 81' lang='lat' dir='ltr'><strong>realitas.</strong></span> <span class='ocrx_word' id='word_1_98' title='bbox 3374 1086 3665 1141; x_wconf 63' lang='lat' dir='ltr'><strong>Monada</strong></span> 
     </span>
    </p>
   </div>
   <div class='ocr_carea' id='block_1_5' title="bbox 361 823 1961 1509">
    <p class='ocr_par' dir='ltr' id='par_1_5' title="bbox 361 823 1961 1509">
     <span class='ocr_line' id='line_1_11' title="bbox 363 823 1950 897; baseline -0.002 -15"><span class='ocrx_word' id='word_1_99' title='bbox 363 827 454 882; x_wconf 88' lang='lat' dir='ltr'><strong>lae</strong></span> <span class='ocrx_word' id='word_1_100' title='bbox 501 824 864 897; x_wconf 74' lang='lat' dir='ltr'><strong>novissimae,</strong></span> <span class='ocrx_word' id='word_1_101' title='bbox 918 830 975 881; x_wconf 88' lang='lat' dir='ltr'><strong>et</strong></span> <span class='ocrx_word' id='word_1_102' title='bbox 1015 823 1658 895; x_wconf 83' lang='lat' dir='ltr'><strong>Hartsoekeriana,</strong></span> <span class='ocrx_word' id='word_1_103' title='bbox 1713 827 1770 879; x_wconf 88' lang='lat' dir='ltr'><strong>et</strong></span> <span class='ocrx_word' id='word_1_104' title='bbox 1826 837 1950 879; x_wconf 83' lang='lat' dir='ltr'><strong>mea</strong></span> 
     </span>
     <span class='ocr_line' id='line_1_12' title="bbox 364 910 1784 983; baseline -0.003 -15"><span class='ocrx_word' id='word_1_105' title='bbox 364 913 432 969; x_wconf 83' lang='lat' dir='ltr'><strong>R.</strong></span> <span class='ocrx_word' id='word_1_106' title='bbox 466 912 526 967; x_wconf 89' lang='lat' dir='ltr'><strong>P.</strong></span> <span class='ocrx_word' id='word_1_107' title='bbox 557 910 992 970; x_wconf 85' lang='lat' dir='ltr'><strong>Turnemino</strong></span> <span class='ocrx_word' id='word_1_108' title='bbox 1020 910 1412 968; x_wconf 85' lang='lat' dir='ltr'><strong>communicari</strong></span> <span class='ocrx_word' id='word_1_109' title='bbox 1439 910 1664 983; x_wconf 80' lang='lat' dir='ltr'><strong>possint.</strong></span> <span class='ocrx_word' id='word_1_110' title='bbox 1776 950 1784 957; x_wconf 80' lang='lat'><strong>.</strong></span> 
     </span>
     <span class='ocr_line' id='line_1_13' title="bbox 450 997 1961 1070; baseline -0.003 -15"><span class='ocrx_word' id='word_1_111' title='bbox 450 999 910 1055; x_wconf 84' lang='lat' dir='ltr'><strong>Dissertationem</strong></span> <span class='ocrx_word' id='word_1_112' title='bbox 949 1006 1104 1056; x_wconf 86' lang='lat' dir='ltr'><strong>tuam</strong></span> <span class='ocrx_word' id='word_1_113' title='bbox 1146 999 1217 1053; x_wconf 89' lang='lat' dir='ltr'><strong>de</strong></span> <span class='ocrx_word' id='word_1_114' title='bbox 1257 997 1565 1053; x_wconf 88' lang='lat' dir='ltr'><strong>substantia</strong></span> <span class='ocrx_word' id='word_1_115' title='bbox 1591 1014 1857 1070; x_wconf 85' lang='lat' dir='ltr'><strong>corporea</strong></span> <span class='ocrx_word' id='word_1_116' title='bbox 1886 997 1961 1051; x_wconf 90' lang='lat' dir='ltr'><strong>le—</strong></span> 
     </span>
     <span class='ocr_line' id='line_1_14' title="bbox 363 1084 1959 1157; baseline -0.002 -15"><span class='ocrx_word' id='word_1_117' title='bbox 363 1102 490 1157; x_wconf 81' lang='lat' dir='ltr'><strong>gam</strong></span> <span class='ocrx_word' id='word_1_118' title='bbox 521 1086 920 1142; x_wconf 81' lang='lat' dir='ltr'><strong>lubentissime.</strong></span> <span class='ocrx_word' id='word_1_119' title='bbox 1007 1088 1066 1141; x_wconf 91' lang='lat' dir='ltr'><strong>Si</strong></span> <span class='ocrx_word' id='word_1_120' title='bbox 1104 1084 1413 1141; x_wconf 87' lang='lat' dir='ltr'><strong>substantia</strong></span> <span class='ocrx_word' id='word_1_121' title='bbox 1449 1101 1710 1157; x_wconf 82' lang='lat' dir='ltr'><strong>corporea</strong></span> <span class='ocrx_word' id='word_1_122' title='bbox 1749 1084 1959 1155; x_wconf 86' lang='lat' dir='ltr'><strong>aliquid</strong></span> 
     </span>
     <span class='ocr_line' id='line_1_15' title="bbox 361 1172 1961 1248; baseline 0 -19"><span class='ocrx_word' id='word_1_123' title='bbox 361 1175 512 1230; x_wconf 83' lang='lat' dir='ltr'><strong>reale</strong></span> <span class='ocrx_word' id='word_1_124' title='bbox 549 1179 660 1248; x_wconf 86' lang='lat' dir='ltr'><strong>est,</strong></span> <span class='ocrx_word' id='word_1_125' title='bbox 713 1178 931 1247; x_wconf 87' lang='lat' dir='ltr'><strong>practer</strong></span> <span class='ocrx_word' id='word_1_126' title='bbox 971 1172 1260 1244; x_wconf 87' lang='lat' dir='ltr'><strong>monades,</strong></span> <span class='ocrx_word' id='word_1_127' title='bbox 1299 1172 1381 1227; x_wconf 89' lang='lat' dir='ltr'><strong>uti</strong></span> <span class='ocrx_word' id='word_1_128' title='bbox 1426 1173 1571 1228; x_wconf 86' lang='lat' dir='ltr'><strong>linea</strong></span> <span class='ocrx_word' id='word_1_129' title='bbox 1601 1173 1808 1245; x_wconf 89' lang='lat' dir='ltr'><strong>aliquid</strong></span> <span class='ocrx_word' id='word_1_130' title='bbox 1838 1188 1961 1229; x_wconf 85' lang='lat' dir='ltr'><strong>esse</strong></span> 
     </span>
     <span class='ocr_line' id='line_1_16' title="bbox 363 1258 1960 1333; baseline -0.001 -16"><span class='ocrx_word' id='word_1_131' title='bbox 363 1263 649 1332; x_wconf 78' lang='lat' dir='ltr'><strong>statuitur,</strong></span> <span class='ocrx_word' id='word_1_132' title='bbox 691 1266 908 1333; x_wconf 85' lang='lat' dir='ltr'><strong>praeter</strong></span> <span class='ocrx_word' id='word_1_133' title='bbox 947 1266 1176 1333; x_wconf 75' lang='lat' dir='ltr'><strong>puncta5</strong></span> <span class='ocrx_word' id='word_1_134' title='bbox 1210 1258 1502 1315; x_wconf 84' lang='lat' dir='ltr'><strong>dicendum</strong></span> <span class='ocrx_word' id='word_1_135' title='bbox 1533 1261 1666 1332; x_wconf 89' lang='lat' dir='ltr'><strong>erit,</strong></span> <span class='ocrx_word' id='word_1_136' title='bbox 1709 1259 1960 1315; x_wconf 87' lang='lat' dir='ltr'><strong>substan-</strong></span> 
     </span>
     <span class='ocr_line' id='line_1_17' title="bbox 366 1346 1961 1420; baseline -0.002 -16"><span class='ocrx_word' id='word_1_137' title='bbox 366 1350 504 1405; x_wconf 86' lang='lat' dir='ltr'><strong>tiam</strong></span> <span class='ocrx_word' id='word_1_138' title='bbox 533 1364 856 1420; x_wconf 86' lang='lat' dir='ltr'><strong>corpoream</strong></span> <span class='ocrx_word' id='word_1_139' title='bbox 883 1347 1181 1403; x_wconf 82' lang='lat' dir='ltr'><strong>consistere</strong></span> <span class='ocrx_word' id='word_1_140' title='bbox 1208 1348 1270 1401; x_wconf 90' lang='lat' dir='ltr'><strong>in</strong></span> <span class='ocrx_word' id='word_1_141' title='bbox 1309 1348 1511 1401; x_wconf 90' lang='lat' dir='ltr'><strong>unione</strong></span> <span class='ocrx_word' id='word_1_142' title='bbox 1543 1346 1812 1419; x_wconf 87' lang='lat' dir='ltr'><strong>quadam,</strong></span> <span class='ocrx_word' id='word_1_143' title='bbox 1864 1350 1961 1402; x_wconf 89' lang='lat' dir='ltr'><strong>aut</strong></span> 
     </span>
     <span class='ocr_line' id='line_1_18' title="bbox 365 1434 1957 1509; baseline -0.002 -18"><span class='ocrx_word' id='word_1_144' title='bbox 365 1436 552 1509; x_wconf 86' lang='lat' dir='ltr'><strong>potius</strong></span> <span class='ocrx_word' id='word_1_145' title='bbox 577 1436 800 1491; x_wconf 88' lang='lat' dir='ltr'><strong>uniente</strong></span> <span class='ocrx_word' id='word_1_146' title='bbox 829 1436 964 1491; x_wconf 88' lang='lat' dir='ltr'><strong>reali</strong></span> <span class='ocrx_word' id='word_1_147' title='bbox 1006 1450 1041 1490; x_wconf 87' lang='lat' dir='ltr'><strong>a</strong></span> <span class='ocrx_word' id='word_1_148' title='bbox 1071 1435 1190 1489; x_wconf 88' lang='lat' dir='ltr'><strong>Deo</strong></span> <span class='ocrx_word' id='word_1_149' title='bbox 1221 1434 1580 1507; x_wconf 89' lang='lat' dir='ltr'><strong>superaddito</strong></span> <span class='ocrx_word' id='word_1_150' title='bbox 1610 1434 1957 1507; x_wconf 81' lang='lat' dir='ltr'><strong>monadibus,</strong></span> 
     </span>
    </p>
   </div>
   <div class='ocr_carea' id='block_1_6' title="bbox 365 1520 3656 1683">
    <p class='ocr_par' dir='ltr' id='par_1_6' title="bbox 365 1520 3656 1683">
     <span class='ocr_line' id='line_1_19' title="bbox 365 1520 3656 1628; baseline -0 -50"><span class='ocrx_word' id='word_1_151' title='bbox 365 1527 426 1578; x_wconf 84' lang='lat' dir='ltr'><strong>et</strong></span> <span class='ocrx_word' id='word_1_152' title='bbox 455 1538 529 1578; x_wconf 86' lang='lat' dir='ltr'><strong>ex</strong></span> <span class='ocrx_word' id='word_1_153' title='bbox 557 1523 761 1578; x_wconf 88' lang='lat' dir='ltr'><strong>unione</strong></span> <span class='ocrx_word' id='word_1_154' title='bbox 801 1524 1022 1594; x_wconf 82' lang='lat' dir='ltr'><strong>quidem</strong></span> <span class='ocrx_word' id='word_1_155' title='bbox 1053 1523 1332 1594; x_wconf 87' lang='lat' dir='ltr'><strong>potentiae</strong></span> <span class='ocrx_word' id='word_1_156' title='bbox 1360 1522 1610 1593; x_wconf 83' lang='lat' dir='ltr'><strong>passivae</strong></span> <span class='ocrx_word' id='word_1_157' title='bbox 1638 1520 1957 1594; x_wconf 84' lang='lat' dir='ltr'><strong>monadum,</strong></span> <span class='ocrx_word' id='word_1_158' title='bbox 1999 1569 2005 1628; x_wconf 59' lang='grc' dir='ltr'>Ι</span> <span class='ocrx_word' id='word_1_159' title='bbox 2042 1521 2433 1578; x_wconf 84' lang='lat' dir='ltr'><strong>commercium</strong></span> <span class='ocrx_word' id='word_1_160' title='bbox 2486 1520 2880 1591; x_wconf 85' lang='lat' dir='ltr'><strong>dependentiae</strong></span> <span class='ocrx_word' id='word_1_161' title='bbox 2928 1520 3137 1575; x_wconf 86' lang='lat' dir='ltr'><strong>habens</strong></span> <span class='ocrx_word' id='word_1_162' title='bbox 3178 1520 3289 1575; x_wconf 89' lang='lat' dir='ltr'><strong>nisi</strong></span> <span class='ocrx_word' id='word_1_163' title='bbox 3332 1536 3479 1575; x_wconf 88' lang='lat' dir='ltr'><strong>cum</strong></span> <span class='ocrx_word' id='word_1_164' title='bbox 3524 1521 3656 1577; x_wconf 87' lang='lat' dir='ltr'><strong>Deo.</strong></span> 
     </span>
     <span class='ocr_line' id='line_1_20' title="bbox 2043 1608 3655 1683; baseline -0.001 -18"><span class='ocrx_word' id='word_1_165' title='bbox 2043 1609 2253 1683; x_wconf 86' lang='lat' dir='ltr'><strong>Corpus</strong></span> <span class='ocrx_word' id='word_1_166' title='bbox 2282 1624 2412 1679; x_wconf 83' lang='lat' dir='ltr'><strong>ergo</strong></span> <span class='ocrx_word' id='word_1_167' title='bbox 2440 1608 2489 1663; x_wconf 85' lang='lat' dir='ltr'><strong>si</strong></span> <span class='ocrx_word' id='word_1_168' title='bbox 2520 1609 2854 1679; x_wconf 85' lang='lat' dir='ltr'><strong>substantia,</strong></span> <span class='ocrx_word' id='word_1_169' title='bbox 2886 1612 2971 1663; x_wconf 89' lang='lat' dir='ltr'><strong>est</strong></span> <span class='ocrx_word' id='word_1_170' title='bbox 2997 1608 3278 1664; x_wconf 75' lang='lat' dir='ltr'><strong>realizatio</strong></span> <span class='ocrx_word' id='word_1_171' title='bbox 3310 1608 3655 1680; x_wconf 61' lang='grc' dir='ltr'>ΡΙΒειιοωε-</span> 
     </span>
    </p>
   </div>
   <div class='ocr_carea' id='block_1_7' title="bbox 365 1608 1959 1769">
    <p class='ocr_par' dir='ltr' id='par_1_7' title="bbox 365 1608 1959 1769">
     <span class='ocr_line' id='line_1_21' title="bbox 365 1608 1959 1682; baseline -0.001 -17"><span class='ocrx_word' id='word_1_172' title='bbox 365 1610 502 1665; x_wconf 86' lang='lat' dir='ltr'><strong>oriri</strong></span> <span class='ocrx_word' id='word_1_173' title='bbox 531 1610 822 1665; x_wconf 84' lang='lat' dir='ltr'><strong>materiam</strong></span> <span class='ocrx_word' id='word_1_174' title='bbox 859 1610 1125 1682; x_wconf 84' lang='lat' dir='ltr'><strong>primam,</strong></span> <span class='ocrx_word' id='word_1_175' title='bbox 1157 1624 1353 1682; x_wconf 86' lang='lat' dir='ltr'><strong>nempe</strong></span> <span class='ocrx_word' id='word_1_176' title='bbox 1381 1608 1746 1681; x_wconf 77' lang='lat' dir='ltr'><strong>extensionis,</strong></span> <span class='ocrx_word' id='word_1_177' title='bbox 1779 1613 1836 1663; x_wconf 91' lang='lat' dir='ltr'><strong>et</strong></span> <span class='ocrx_word' id='word_1_178' title='bbox 1864 1624 1959 1663; x_wconf 94' lang='lat' dir='ltr'><strong>an-</strong></span> 
     </span>
     <span class='ocr_line' id='line_1_22' title="bbox 365 1694 1959 1769; baseline -0.001 -18"><span class='ocrx_word' id='word_1_179' title='bbox 365 1696 616 1769; x_wconf 84' lang='lat' dir='ltr'><strong>titypiae,</strong></span> <span class='ocrx_word' id='word_1_180' title='bbox 647 1714 742 1753; x_wconf 87' lang='lat' dir='ltr'><strong>seu</strong></span> <span class='ocrx_word' id='word_1_181' title='bbox 771 1697 1107 1769; x_wconf 79' lang='lat' dir='ltr'><strong>diffusionis,</strong></span> <span class='ocrx_word' id='word_1_182' title='bbox 1141 1701 1198 1751; x_wconf 88' lang='lat' dir='ltr'><strong>et</strong></span> <span class='ocrx_word' id='word_1_183' title='bbox 1225 1696 1562 1752; x_wconf 89' lang='lat' dir='ltr'><strong>resistentiae</strong></span> <span class='ocrx_word' id='word_1_184' title='bbox 1590 1694 1959 1767; x_wconf 80' lang='lat' dir='ltr'><strong>exigentiam3</strong></span> 
     </span>
    </p>
   </div>
   <div class='ocr_carea' id='block_1_8' title="bbox 365 1770 2006 1871">
    <p class='ocr_par' dir='ltr' id='par_1_8' title="bbox 365 1770 2006 1871">
     <span class='ocr_line' id='line_1_23' title="bbox 365 1770 2006 1871; baseline 0.003 -37"><span class='ocrx_word' id='word_1_185' title='bbox 365 1798 438 1839; x_wconf 80' lang='lat' dir='ltr'><strong>ex</strong></span> <span class='ocrx_word' id='word_1_186' title='bbox 467 1785 672 1839; x_wconf 86' lang='lat' dir='ltr'><strong>unione</strong></span> <span class='ocrx_word' id='word_1_187' title='bbox 687 1789 874 1840; x_wconf 80' lang='lat' dir='ltr'><strong>autem</strong></span> <span class='ocrx_word' id='word_1_188' title='bbox 899 1784 1332 1840; x_wconf 76' lang='lat' dir='ltr'><strong>Entelechiarum</strong></span> <span class='ocrx_word' id='word_1_189' title='bbox 1361 1782 1790 1855; x_wconf 58' lang='lat' dir='ltr'><strong>monodiarum,</strong></span> <span class='ocrx_word' id='word_1_190' title='bbox 1822 1782 1959 1838; x_wconf 87' lang='lat' dir='ltr'><strong>oriri</strong></span> <span class='ocrx_word' id='word_1_191' title='bbox 1999 1770 2006 1871; x_wconf 56' lang='grc' dir='ltr'><strong>ξ</strong></span> 
     </span>
    </p>
   </div>
   <div class='ocr_carea' id='block_1_9' title="bbox 353 1870 1966 5077">
    <p class='ocr_par' dir='ltr' id='par_1_9' title="bbox 353 1870 1966 5077">
     <span class='ocr_line' id='line_1_24' title="bbox 366 1870 1959 1942; baseline -0.002 -16"><span class='ocrx_word' id='word_1_192' title='bbox 366 1870 606 1927; x_wconf 81' lang='lat' dir='ltr'><strong>formam</strong></span> <span class='ocrx_word' id='word_1_193' title='bbox 645 1870 1094 1942; x_wconf 79' lang='lat' dir='ltr'><strong>substantialem,</strong></span> <span class='ocrx_word' id='word_1_194' title='bbox 1137 1871 1235 1927; x_wconf 87' lang='lat' dir='ltr'><strong>sed</strong></span> <span class='ocrx_word' id='word_1_195' title='bbox 1273 1886 1412 1942; x_wconf 88' lang='lat' dir='ltr'><strong>quae</strong></span> <span class='ocrx_word' id='word_1_196' title='bbox 1451 1870 1530 1925; x_wconf 88' lang='lat' dir='ltr'><strong>ita</strong></span> <span class='ocrx_word' id='word_1_197' title='bbox 1559 1870 1738 1940; x_wconf 85' lang='lat' dir='ltr'><strong>nasci,</strong></span> <span class='ocrx_word' id='word_1_198' title='bbox 1777 1872 1836 1923; x_wconf 90' lang='lat' dir='ltr'><strong>et</strong></span> <span class='ocrx_word' id='word_1_199' title='bbox 1864 1884 1959 1924; x_wconf 84' lang='lat' dir='ltr'><strong>ex-</strong></span> 
     </span>
     <span class='ocr_line' id='line_1_25' title="bbox 364 1956 1959 2030; baseline -0.002 -16"><span class='ocrx_word' id='word_1_200' title='bbox 364 1957 542 2029; x_wconf 75' lang='lat' dir='ltr'><strong>ungui</strong></span> <span class='ocrx_word' id='word_1_201' title='bbox 580 1959 782 2030; x_wconf 82' lang='lat' dir='ltr'><strong>possit,</strong></span> <span class='ocrx_word' id='word_1_202' title='bbox 835 1961 892 2011; x_wconf 90' lang='lat' dir='ltr'><strong>et</strong></span> <span class='ocrx_word' id='word_1_203' title='bbox 929 1962 1176 2014; x_wconf 82' lang='lat' dir='ltr'><strong>cessante</strong></span> <span class='ocrx_word' id='word_1_204' title='bbox 1216 1956 1315 2012; x_wconf 87' lang='lat' dir='ltr'><strong>illa</strong></span> <span class='ocrx_word' id='word_1_205' title='bbox 1343 1956 1546 2013; x_wconf 88' lang='lat' dir='ltr'><strong>unione</strong></span> <span class='ocrx_word' id='word_1_206' title='bbox 1589 1956 1959 2028; x_wconf 84' lang='lat' dir='ltr'><strong>extinguetur,</strong></span> 
     </span>
     <span class='ocr_line' id='line_1_26' title="bbox 365 2044 1960 2101; baseline -0.001 -2"><span class='ocrx_word' id='word_1_207' title='bbox 365 2044 476 2099; x_wconf 80' lang='lat' dir='ltr'><strong>nisi</strong></span> <span class='ocrx_word' id='word_1_208' title='bbox 523 2059 562 2099; x_wconf 88' lang='lat' dir='ltr'><strong>a</strong></span> <span class='ocrx_word' id='word_1_209' title='bbox 603 2046 725 2101; x_wconf 90' lang='lat' dir='ltr'><strong>Deo</strong></span> <span class='ocrx_word' id='word_1_210' title='bbox 763 2044 1086 2101; x_wconf 79' lang='lat' dir='ltr'><strong>miraculose</strong></span> <span class='ocrx_word' id='word_1_211' title='bbox 1123 2049 1490 2099; x_wconf 85' lang='lat' dir='ltr'><strong>conservetur.</strong></span> <span class='ocrx_word' id='word_1_212' title='bbox 1579 2044 1734 2099; x_wconf 85' lang='lat' dir='ltr'><strong>Talis</strong></span> <span class='ocrx_word' id='word_1_213' title='bbox 1773 2046 1960 2097; x_wconf 87' lang='lat' dir='ltr'><strong>autem</strong></span> 
     </span>
     <span class='ocr_line' id='line_1_27' title="bbox 367 2130 1963 2202; baseline -0.001 -15"><span class='ocrx_word' id='word_1_214' title='bbox 367 2131 546 2187; x_wconf 76' lang='lat' dir='ltr'><strong>forma</strong></span> <span class='ocrx_word' id='word_1_215' title='bbox 599 2135 727 2187; x_wconf 86' lang='lat' dir='ltr'><strong>tunc</strong></span> <span class='ocrx_word' id='word_1_216' title='bbox 773 2147 892 2186; x_wconf 88' lang='lat' dir='ltr'><strong>non</strong></span> <span class='ocrx_word' id='word_1_217' title='bbox 939 2132 1046 2187; x_wconf 89' lang='lat' dir='ltr'><strong>erit</strong></span> <span class='ocrx_word' id='word_1_218' title='bbox 1086 2130 1303 2201; x_wconf 87' lang='lat' dir='ltr'><strong>anima,</strong></span> <span class='ocrx_word' id='word_1_219' title='bbox 1355 2144 1500 2202; x_wconf 85' lang='lat' dir='ltr'><strong>quae</strong></span> <span class='ocrx_word' id='word_1_220' title='bbox 1537 2134 1624 2185; x_wconf 87' lang='lat' dir='ltr'><strong>est</strong></span> <span class='ocrx_word' id='word_1_221' title='bbox 1651 2130 1963 2186; x_wconf 87' lang='lat' dir='ltr'><strong>substantia</strong></span> 
     </span>
     <span class='ocr_line' id='line_1_28' title="bbox 367 2215 1964 2291; baseline -0.001 -18"><span class='ocrx_word' id='word_1_222' title='bbox 367 2216 638 2291; x_wconf 77' lang='lat' dir='ltr'><strong>simplex,</strong></span> <span class='ocrx_word' id='word_1_223' title='bbox 683 2223 742 2275; x_wconf 88' lang='lat' dir='ltr'><strong>et</strong></span> <span class='ocrx_word' id='word_1_224' title='bbox 783 2218 1152 2275; x_wconf 85' lang='lat' dir='ltr'><strong>indivisibilis.</strong></span> <span class='ocrx_word' id='word_1_225' title='bbox 1240 2216 1316 2272; x_wconf 87' lang='lat' dir='ltr'><strong>Et</strong></span> <span class='ocrx_word' id='word_1_226' title='bbox 1344 2219 1522 2271; x_wconf 79' lang='lat' dir='ltr'><strong>torma</strong></span> <span class='ocrx_word' id='word_1_227' title='bbox 1549 2217 1688 2291; x_wconf 87' lang='lat' dir='ltr'><strong>ista,</strong></span> <span class='ocrx_word' id='word_1_228' title='bbox 1727 2215 1964 2289; x_wconf 84' lang='lat' dir='ltr'><strong>proinde</strong></span> 
     </span>
     <span class='ocr_line' id='line_1_29' title="bbox 366 2304 1965 2377; baseline -0.001 -17"><span class='ocrx_word' id='word_1_229' title='bbox 366 2318 434 2360; x_wconf 82' lang='lat' dir='ltr'><strong>ac</strong></span> <span class='ocrx_word' id='word_1_230' title='bbox 461 2304 694 2361; x_wconf 81' lang='lat' dir='ltr'><strong>materia</strong></span> <span class='ocrx_word' id='word_1_231' title='bbox 723 2308 808 2361; x_wconf 81' lang='lat' dir='ltr'><strong>est</strong></span> <span class='ocrx_word' id='word_1_232' title='bbox 833 2305 895 2360; x_wconf 89' lang='lat' dir='ltr'><strong>in</strong></span> <span class='ocrx_word' id='word_1_233' title='bbox 921 2304 1076 2360; x_wconf 81' lang='lat' dir='ltr'><strong>fluxu</strong></span> <span class='ocrx_word' id='word_1_234' title='bbox 1103 2308 1398 2377; x_wconf 86' lang='lat' dir='ltr'><strong>perpetuo,</strong></span> <span class='ocrx_word' id='word_1_235' title='bbox 1427 2319 1552 2372; x_wconf 85' lang='lat' dir='ltr'><strong>cum</strong></span> <span class='ocrx_word' id='word_1_236' title='bbox 1581 2305 1796 2360; x_wconf 88' lang='lat' dir='ltr'><strong>nullum</strong></span> <span class='ocrx_word' id='word_1_237' title='bbox 1827 2318 1965 2375; x_wconf 91' lang='lat' dir='ltr'><strong>pun-</strong></span> 
     </span>
     <span class='ocr_line' id='line_1_30' title="bbox 365 2390 1965 2464; baseline -0.002 -17"><span class='ocrx_word' id='word_1_238' title='bbox 365 2394 515 2447; x_wconf 86' lang='lat' dir='ltr'><strong>ctum</strong></span> <span class='ocrx_word' id='word_1_239' title='bbox 543 2408 732 2447; x_wconf 85' lang='lat' dir='ltr'><strong>revera</strong></span> <span class='ocrx_word' id='word_1_240' title='bbox 765 2392 824 2447; x_wconf 89' lang='lat' dir='ltr'><strong>in</strong></span> <span class='ocrx_word' id='word_1_241' title='bbox 854 2391 1084 2447; x_wconf 88' lang='lat' dir='ltr'><strong>materia</strong></span> <span class='ocrx_word' id='word_1_242' title='bbox 1112 2392 1374 2461; x_wconf 81' lang='lat' dir='ltr'><strong>assignari</strong></span> <span class='ocrx_word' id='word_1_243' title='bbox 1403 2391 1596 2464; x_wconf 80' lang='lat' dir='ltr'><strong>possit,</strong></span> <span class='ocrx_word' id='word_1_244' title='bbox 1626 2390 1776 2463; x_wconf 89' lang='lat' dir='ltr'><strong>quod</strong></span> <span class='ocrx_word' id='word_1_245' title='bbox 1814 2391 1965 2445; x_wconf 85' lang='lat' dir='ltr'><strong>ultra</strong></span> 
     </span>
     <span class='ocr_line' id='line_1_31' title="bbox 364 2478 1965 2557; baseline -0.001 -24"><span class='ocrx_word' id='word_1_246' title='bbox 364 2482 708 2535; x_wconf 79' lang='lat' dir='ltr'><strong>momentum</strong></span> <span class='ocrx_word' id='word_1_247' title='bbox 717 2478 949 2534; x_wconf 86' lang='lat' dir='ltr'><strong>eundem</strong></span> <span class='ocrx_word' id='word_1_248' title='bbox 963 2478 1146 2535; x_wconf 87' lang='lat' dir='ltr'><strong>locum</strong></span> <span class='ocrx_word' id='word_1_249' title='bbox 1161 2482 1428 2553; x_wconf 86' lang='lat' dir='ltr'><strong>servet,et</strong></span> <span class='ocrx_word' id='word_1_250' title='bbox 1449 2478 1597 2549; x_wconf 86' lang='lat' dir='ltr'><strong>quod</strong></span> <span class='ocrx_word' id='word_1_251' title='bbox 1620 2494 1728 2534; x_wconf 91' lang='lat' dir='ltr'><strong>non</strong></span> <span class='ocrx_word' id='word_1_252' title='bbox 1747 2492 1965 2557; x_wconf 85' lang='lat' dir='ltr'><strong>aquan-</strong></span> 
     </span>
     <span class='ocr_line' id='line_1_32' title="bbox 365 2564 1966 2622; baseline 0.001 -2"><span class='ocrx_word' id='word_1_253' title='bbox 365 2564 576 2620; x_wconf 75' lang='lat' dir='ltr'><strong>tumvis</strong></span> <span class='ocrx_word' id='word_1_254' title='bbox 586 2564 782 2622; x_wconf 74' lang='lat' dir='ltr'><strong>vicinis</strong></span> <span class='ocrx_word' id='word_1_255' title='bbox 795 2566 1026 2621; x_wconf 81' lang='lat' dir='ltr'><strong>recedat.</strong></span> <span class='ocrx_word' id='word_1_256' title='bbox 1059 2565 1358 2621; x_wconf 86' lang='lat' dir='ltr'><strong>Sedanima</strong></span> <span class='ocrx_word' id='word_1_257' title='bbox 1373 2566 1430 2621; x_wconf 92' lang='lat' dir='ltr'><strong>in</strong></span> <span class='ocrx_word' id='word_1_258' title='bbox 1445 2565 1558 2620; x_wconf 85' lang='lat' dir='ltr'><strong>suis</strong></span> <span class='ocrx_word' id='word_1_259' title='bbox 1569 2564 1966 2621; x_wconf 86' lang='lat' dir='ltr'><strong>mutationibus</strong></span> 
     </span>
     <span class='ocr_line' id='line_1_33' title="bbox 365 2649 1965 2726; baseline 0.004 -23"><span class='ocrx_word' id='word_1_260' title='bbox 365 2649 560 2707; x_wconf 83' lang='lat' dir='ltr'><strong>eadem</strong></span> <span class='ocrx_word' id='word_1_261' title='bbox 581 2651 843 2725; x_wconf 82' lang='lat' dir='ltr'><strong>persistit,</strong></span> <span class='ocrx_word' id='word_1_262' title='bbox 857 2656 1114 2707; x_wconf 84' lang='lat' dir='ltr'><strong>manente</strong></span> <span class='ocrx_word' id='word_1_263' title='bbox 1133 2652 1329 2709; x_wconf 88' lang='lat' dir='ltr'><strong>eodem</strong></span> <span class='ocrx_word' id='word_1_264' title='bbox 1351 2650 1616 2726; x_wconf 86' lang='lat' dir='ltr'><strong>subjecto,</strong></span> <span class='ocrx_word' id='word_1_265' title='bbox 1639 2653 1790 2723; x_wconf 87' lang='lat' dir='ltr'><strong>quod</strong></span> <span class='ocrx_word' id='word_1_266' title='bbox 1810 2668 1965 2709; x_wconf 85' lang='lat' dir='ltr'><strong>secus</strong></span> 
     </span>
     <span class='ocr_line' id='line_1_34' title="bbox 369 2736 1965 2811; baseline 0.001 -18"><span class='ocrx_word' id='word_1_267' title='bbox 369 2740 456 2793; x_wconf 83' lang='lat' dir='ltr'><strong>est</strong></span> <span class='ocrx_word' id='word_1_268' title='bbox 477 2736 539 2793; x_wconf 90' lang='lat' dir='ltr'><strong>in</strong></span> <span class='ocrx_word' id='word_1_269' title='bbox 558 2754 820 2811; x_wconf 86' lang='lat' dir='ltr'><strong>corporea</strong></span> <span class='ocrx_word' id='word_1_270' title='bbox 845 2738 1167 2795; x_wconf 87' lang='lat' dir='ltr'><strong>substantia.</strong></span> <span class='ocrx_word' id='word_1_271' title='bbox 1231 2739 1419 2811; x_wconf 88' lang='lat' dir='ltr'><strong>Itaque</strong></span> <span class='ocrx_word' id='word_1_272' title='bbox 1441 2739 1762 2795; x_wconf 88' lang='lat' dir='ltr'><strong>alterutrum</strong></span> <span class='ocrx_word' id='word_1_273' title='bbox 1785 2739 1965 2795; x_wconf 89' lang='lat' dir='ltr'><strong>dicen-</strong></span> 
     </span>
     <span class='ocr_line' id='line_1_35' title="bbox 366 2822 1965 2899; baseline 0.004 -22"><span class='ocrx_word' id='word_1_274' title='bbox 366 2822 504 2879; x_wconf 79' lang='lat' dir='ltr'><strong>dum</strong></span> <span class='ocrx_word' id='word_1_275' title='bbox 525 2828 636 2880; x_wconf 83' lang='lat' dir='ltr'><strong>est:</strong></span> <span class='ocrx_word' id='word_1_276' title='bbox 658 2825 749 2880; x_wconf 80' lang='lat' dir='ltr'><strong>vel</strong></span> <span class='ocrx_word' id='word_1_277' title='bbox 769 2841 1001 2898; x_wconf 85' lang='lat' dir='ltr'><strong>corpora</strong></span> <span class='ocrx_word' id='word_1_278' title='bbox 1013 2842 1166 2883; x_wconf 88' lang='lat' dir='ltr'><strong>mera</strong></span> <span class='ocrx_word' id='word_1_279' title='bbox 1176 2842 1291 2881; x_wconf 84' lang='lat' dir='ltr'><strong>esse</strong></span> <span class='ocrx_word' id='word_1_280' title='bbox 1301 2827 1692 2899; x_wconf 87' lang='lat' dir='ltr'><strong>phaenomena,</strong></span> <span class='ocrx_word' id='word_1_281' title='bbox 1705 2831 1875 2899; x_wconf 86' lang='lat' dir='ltr'><strong>atque</strong></span> <span class='ocrx_word' id='word_1_282' title='bbox 1885 2828 1965 2885; x_wconf 90' lang='lat' dir='ltr'><strong>ita</strong></span> 
     </span>
     <span class='ocr_line' id='line_1_36' title="bbox 366 2910 1962 2986; baseline 0.003 -18"><span class='ocrx_word' id='word_1_283' title='bbox 366 2910 624 2968; x_wconf 75' lang='lat' dir='ltr'><strong>extensio</strong></span> <span class='ocrx_word' id='word_1_284' title='bbox 651 2927 868 2985; x_wconf 85' lang='lat' dir='ltr'><strong>quoque</strong></span> <span class='ocrx_word' id='word_1_285' title='bbox 895 2929 1006 2969; x_wconf 88' lang='lat' dir='ltr'><strong>non</strong></span> <span class='ocrx_word' id='word_1_286' title='bbox 1037 2912 1146 2970; x_wconf 81' lang='lat' dir='ltr'><strong>nisi</strong></span> <span class='ocrx_word' id='word_1_287' title='bbox 1175 2912 1594 2985; x_wconf 86' lang='lat' dir='ltr'><strong>phaenomenon</strong></span> <span class='ocrx_word' id='word_1_288' title='bbox 1625 2914 1748 2986; x_wconf 89' lang='lat' dir='ltr'><strong>erit,</strong></span> <span class='ocrx_word' id='word_1_289' title='bbox 1787 2916 1962 2972; x_wconf 83' lang='lat' dir='ltr'><strong>solae·</strong></span> 
     </span>
     <span class='ocr_line' id='line_1_37' title="bbox 365 3000 1960 3074; baseline 0.003 -20"><span class='ocrx_word' id='word_1_290' title='bbox 365 3011 476 3068; x_wconf 81' lang='lat' dir='ltr'><strong>que</strong></span> <span class='ocrx_word' id='word_1_291' title='bbox 501 3004 664 3055; x_wconf 80' lang='lat' dir='ltr'><strong>erunt</strong></span> <span class='ocrx_word' id='word_1_292' title='bbox 691 3000 956 3056; x_wconf 81' lang='lat' dir='ltr'><strong>monades</strong></span> <span class='ocrx_word' id='word_1_293' title='bbox 985 3001 1192 3074; x_wconf 85' lang='lat' dir='ltr'><strong>reales,</strong></span> <span class='ocrx_word' id='word_1_294' title='bbox 1222 3001 1355 3057; x_wconf 86' lang='lat' dir='ltr'><strong>unio</strong></span> <span class='ocrx_word' id='word_1_295' title='bbox 1381 3008 1566 3057; x_wconf 87' lang='lat' dir='ltr'><strong>autem</strong></span> <span class='ocrx_word' id='word_1_296' title='bbox 1593 3003 1810 3058; x_wconf 86' lang='lat' dir='ltr'><strong>animae</strong></span> <span class='ocrx_word' id='word_1_297' title='bbox 1837 3020 1960 3074; x_wconf 88' lang='lat' dir='ltr'><strong>per-</strong></span> 
     </span>
     <span class='ocr_line' id='line_1_38' title="bbox 364 3084 1957 3162; baseline 0.003 -22"><span class='ocrx_word' id='word_1_298' title='bbox 364 3084 616 3156; x_wconf 82' lang='lat' dir='ltr'><strong>cipientis</strong></span> <span class='ocrx_word' id='word_1_299' title='bbox 665 3086 988 3158; x_wconf 85' lang='lat' dir='ltr'><strong>operatione</strong></span> <span class='ocrx_word' id='word_1_300' title='bbox 1039 3088 1102 3144; x_wconf 86' lang='lat' dir='ltr'><strong>in</strong></span> <span class='ocrx_word' id='word_1_301' title='bbox 1152 3088 1534 3160; x_wconf 86' lang='lat' dir='ltr'><strong>phaenomeno</strong></span> <span class='ocrx_word' id='word_1_302' title='bbox 1584 3089 1957 3162; x_wconf 78' lang='lat' dir='ltr'><strong>supplebitur3</strong></span> 
     </span>
     <span class='ocr_line' id='line_1_39' title="bbox 367 3171 1959 3249; baseline 0.004 -23"><span class='ocrx_word' id='word_1_303' title='bbox 367 3171 457 3227; x_wconf 84' lang='lat' dir='ltr'><strong>vel</strong></span> <span class='ocrx_word' id='word_1_304' title='bbox 505 3173 552 3227; x_wconf 86' lang='lat' dir='ltr'><strong>si</strong></span> <span class='ocrx_word' id='word_1_305' title='bbox 604 3172 738 3229; x_wconf 82' lang='lat' dir='ltr'><strong>tides</strong></span> <span class='ocrx_word' id='word_1_306' title='bbox 789 3190 894 3230; x_wconf 87' lang='lat' dir='ltr'><strong>nos</strong></span> <span class='ocrx_word' id='word_1_307' title='bbox 945 3175 1018 3231; x_wconf 87' lang='lat' dir='ltr'><strong>ad</strong></span> <span class='ocrx_word' id='word_1_308' title='bbox 1056 3191 1347 3248; x_wconf 85' lang='lat' dir='ltr'><strong>corporeas</strong></span> <span class='ocrx_word' id='word_1_309' title='bbox 1389 3176 1724 3231; x_wconf 88' lang='lat' dir='ltr'><strong>substantias</strong></span> <span class='ocrx_word' id='word_1_310' title='bbox 1765 3177 1959 3249; x_wconf 83' lang='lat' dir='ltr'><strong>adigit,</strong></span> 
     </span>
     <span class='ocr_line' id='line_1_40' title="bbox 368 3257 1961 3320; baseline 0.002 -4"><span class='ocrx_word' id='word_1_311' title='bbox 368 3257 729 3316; x_wconf 78' lang='lat' dir='ltr'><strong>substantiam</strong></span> <span class='ocrx_word' id='word_1_312' title='bbox 769 3259 924 3318; x_wconf 86' lang='lat' dir='ltr'><strong>illam</strong></span> <span class='ocrx_word' id='word_1_313' title='bbox 965 3261 1264 3318; x_wconf 75' lang='lat' dir='ltr'><strong>consistere</strong></span> <span class='ocrx_word' id='word_1_314' title='bbox 1304 3263 1362 3317; x_wconf 91' lang='lat' dir='ltr'><strong>in</strong></span> <span class='ocrx_word' id='word_1_315' title='bbox 1393 3263 1491 3318; x_wconf 91' lang='lat' dir='ltr'><strong>illa</strong></span> <span class='ocrx_word' id='word_1_316' title='bbox 1521 3261 1774 3319; x_wconf 78' lang='lat' dir='ltr'><strong>realitate</strong></span> <span class='ocrx_word' id='word_1_317' title='bbox 1803 3263 1961 3320; x_wconf 90' lang='lat' dir='ltr'><strong>unio-</strong></span> 
     </span>
     <span class='ocr_line' id='line_1_41' title="bbox 365 3343 1960 3425; baseline 0.005 -26"><span class='ocrx_word' id='word_1_318' title='bbox 365 3345 512 3418; x_wconf 82' lang='lat' dir='ltr'><strong>nali,</strong></span> <span class='ocrx_word' id='word_1_319' title='bbox 561 3361 705 3417; x_wconf 82' lang='lat' dir='ltr'><strong>quae</strong></span> <span class='ocrx_word' id='word_1_320' title='bbox 743 3347 1160 3406; x_wconf 87' lang='lat' dir='ltr'><strong>absolutum</strong></span> <span class='ocrx_word' id='word_1_321' title='bbox 1199 3348 1478 3420; x_wconf 85' lang='lat' dir='ltr'><strong>aliquid</strong></span> <span class='ocrx_word' id='word_1_322' title='bbox 1519 3343 1801 3425; x_wconf 84' lang='lat' dir='ltr'><strong>(adeoque</strong></span> <span class='ocrx_word' id='word_1_323' title='bbox 1829 3351 1960 3406; x_wconf 85' lang='lat' dir='ltr'><strong>sub-</strong></span> 
     </span>
     <span class='ocr_line' id='line_1_42' title="bbox 365 3432 1959 3501; baseline 0.001 -11"><span class='ocrx_word' id='word_1_324' title='bbox 365 3432 662 3501; x_wconf 75' lang='lat' dir='ltr'><strong>stantiale)</strong></span> <span class='ocrx_word' id='word_1_325' title='bbox 705 3433 812 3490; x_wconf 85' lang='lat' dir='ltr'><strong>etsi</strong></span> <span class='ocrx_word' id='word_1_326' title='bbox 849 3437 1063 3492; x_wconf 82' lang='lat' dir='ltr'><strong>fluxum</strong></span> <span class='ocrx_word' id='word_1_327' title='bbox 1091 3435 1346 3492; x_wconf 90' lang='lat' dir='ltr'><strong>uniendis</strong></span> <span class='ocrx_word' id='word_1_328' title='bbox 1373 3436 1557 3492; x_wconf 85' lang='lat' dir='ltr'><strong>addat.</strong></span> <span class='ocrx_word' id='word_1_329' title='bbox 1647 3436 1720 3492; x_wconf 88' lang='lat' dir='ltr'><strong>Et</strong></span> <span class='ocrx_word' id='word_1_330' title='bbox 1757 3437 1814 3491; x_wconf 92' lang='lat' dir='ltr'><strong>in</strong></span> <span class='ocrx_word' id='word_1_331' title='bbox 1859 3438 1959 3492; x_wconf 86' lang='lat' dir='ltr'><strong>hu-</strong></span> 
     </span>
     <span class='ocr_line' id='line_1_43' title="bbox 359 3516 1960 3586; baseline 0.005 -12"><span class='ocrx_word' id='word_1_332' title='bbox 359 3516 456 3586; x_wconf 87' lang='lat' dir='ltr'><strong>jus</strong></span> <span class='ocrx_word' id='word_1_333' title='bbox 508 3521 816 3576; x_wconf 82' lang='lat' dir='ltr'><strong>mutatione</strong></span> <span class='ocrx_word' id='word_1_334' title='bbox 863 3523 1184 3579; x_wconf 84' lang='lat' dir='ltr'><strong>collocanda</strong></span> <span class='ocrx_word' id='word_1_335' title='bbox 1231 3525 1373 3578; x_wconf 84' lang='lat' dir='ltr'><strong>essct</strong></span> <span class='ocrx_word' id='word_1_336' title='bbox 1423 3522 1960 3582; x_wconf 82' lang='lat' dir='ltr'><strong>transsubstantiatio</strong></span> 
     </span>
     <span class='ocr_line' id='line_1_44' title="bbox 367 3608 1959 3681; baseline 0.005 -22"><span class='ocrx_word' id='word_1_337' title='bbox 367 3609 582 3679; x_wconf 72' lang='lat' dir='ltr'><strong>vsstt‘a,</strong></span> <span class='ocrx_word' id='word_1_338' title='bbox 624 3608 890 3665; x_wconf 82' lang='lat' dir='ltr'><strong>monades</strong></span> <span class='ocrx_word' id='word_1_339' title='bbox 929 3611 1080 3666; x_wconf 88' lang='lat' dir='ltr'><strong>enim</strong></span> <span class='ocrx_word' id='word_1_340' title='bbox 1122 3625 1310 3666; x_wconf 84' lang='lat' dir='ltr'><strong>revera</strong></span> <span class='ocrx_word' id='word_1_341' title='bbox 1348 3625 1461 3666; x_wconf 90' lang='lat' dir='ltr'><strong>non</strong></span> <span class='ocrx_word' id='word_1_342' title='bbox 1500 3615 1630 3666; x_wconf 88' lang='lat' dir='ltr'><strong>sunt</strong></span> <span class='ocrx_word' id='word_1_343' title='bbox 1669 3611 1834 3681; x_wconf 72' lang='lat' dir='ltr'><strong>hujus</strong></span> <span class='ocrx_word' id='word_1_344' title='bbox 1862 3613 1959 3667; x_wconf 86' lang='lat' dir='ltr'><strong>ad-</strong></span> 
     </span>
     <span class='ocr_line' id='line_1_45' title="bbox 367 3690 1959 3770; baseline 0.004 -22"><span class='ocrx_word' id='word_1_345' title='bbox 367 3690 472 3748; x_wconf 89' lang='lat' dir='ltr'><strong>diti</strong></span> <span class='ocrx_word' id='word_1_346' title='bbox 497 3693 857 3763; x_wconf 74' lang='lat' dir='ltr'><strong>ingredientia</strong></span> <span class='ocrx_word' id='word_1_347' title='bbox 875 3737 891 3769; x_wconf 93' lang='lat'>‚</span> <span class='ocrx_word' id='word_1_348' title='bbox 937 3697 1032 3752; x_wconf 90' lang='lat' dir='ltr'><strong>sed</strong></span> <span class='ocrx_word' id='word_1_349' title='bbox 1059 3696 1357 3769; x_wconf 78' lang='lat' dir='ltr'><strong>requisita3</strong></span> <span class='ocrx_word' id='word_1_350' title='bbox 1397 3699 1499 3754; x_wconf 88' lang='lat' dir='ltr'><strong>etsi</strong></span> <span class='ocrx_word' id='word_1_351' title='bbox 1540 3713 1654 3753; x_wconf 92' lang='lat' dir='ltr'><strong>non</strong></span> <span class='ocrx_word' id='word_1_352' title='bbox 1683 3699 1959 3770; x_wconf 88' lang='lat' dir='ltr'><strong>absoluta,</strong></span> 
     </span>
     <span class='ocr_line' id='line_1_46' title="bbox 366 3779 1957 3858; baseline 0.006 -25"><span class='ocrx_word' id='word_1_353' title='bbox 366 3779 876 3858; x_wconf 81' lang='lat' dir='ltr'><strong>metaphysicsque,</strong></span> <span class='ocrx_word' id='word_1_354' title='bbox 910 3783 1259 3856; x_wconf 86' lang='lat' dir='ltr'><strong>necessitate,</strong></span> <span class='ocrx_word' id='word_1_355' title='bbox 1290 3784 1390 3840; x_wconf 88' lang='lat' dir='ltr'><strong>sed</strong></span> <span class='ocrx_word' id='word_1_356' title='bbox 1420 3785 1540 3841; x_wconf 89' lang='lat' dir='ltr'><strong>sola</strong></span> <span class='ocrx_word' id='word_1_357' title='bbox 1569 3785 1848 3854; x_wconf 81' lang='lat' dir='ltr'><strong>exigentia</strong></span> <span class='ocrx_word' id='word_1_358' title='bbox 1886 3787 1957 3842; x_wconf 85' lang='lat' dir='ltr'><strong>ad</strong></span> 
     </span>
     <span class='ocr_line' id='line_1_47' title="bbox 365 3865 1958 3942; baseline 0.004 -20"><span class='ocrx_word' id='word_1_359' title='bbox 365 3865 426 3922; x_wconf 87' lang='lat' dir='ltr'><strong>id</strong></span> <span class='ocrx_word' id='word_1_360' title='bbox 453 3867 816 3938; x_wconf 87' lang='lat' dir='ltr'><strong>requirantur.</strong></span> <span class='ocrx_word' id='word_1_361' title='bbox 883 3871 1079 3942; x_wconf 88' lang='lat' dir='ltr'><strong>ltaque</strong></span> <span class='ocrx_word' id='word_1_362' title='bbox 1105 3874 1318 3927; x_wconf 83' lang='lat' dir='ltr'><strong>mutata</strong></span> <span class='ocrx_word' id='word_1_363' title='bbox 1346 3872 1471 3928; x_wconf 86' lang='lat' dir='ltr'><strong>licet</strong></span> <span class='ocrx_word' id='word_1_364' title='bbox 1501 3871 1807 3928; x_wconf 83' lang='lat' dir='ltr'><strong>substantia</strong></span> <span class='ocrx_word' id='word_1_365' title='bbox 1837 3889 1958 3930; x_wconf 89' lang='lat' dir='ltr'><strong>cor-</strong></span> 
     </span>
     <span class='ocr_line' id='line_1_48' title="bbox 365 3953 1959 4031; baseline 0.005 -23"><span class='ocrx_word' id='word_1_366' title='bbox 365 3953 536 4026; x_wconf 87' lang='lat' dir='ltr'><strong>poris,</strong></span> <span class='ocrx_word' id='word_1_367' title='bbox 565 3955 828 4011; x_wconf 84' lang='lat' dir='ltr'><strong>monades</strong></span> <span class='ocrx_word' id='word_1_368' title='bbox 856 3957 1041 4013; x_wconf 84' lang='lat' dir='ltr'><strong>salvae</strong></span> <span class='ocrx_word' id='word_1_369' title='bbox 1067 3973 1187 4014; x_wconf 88' lang='lat' dir='ltr'><strong>esse</strong></span> <span class='ocrx_word' id='word_1_370' title='bbox 1217 3961 1508 4031; x_wconf 84' lang='lat' dir='ltr'><strong>poterunt,</strong></span> <span class='ocrx_word' id='word_1_371' title='bbox 1539 3959 1872 4030; x_wconf 81' lang='lat' dir='ltr'><strong>fundataque</strong></span> <span class='ocrx_word' id='word_1_372' title='bbox 1900 3960 1959 4016; x_wconf 90' lang='lat' dir='ltr'><strong>in</strong></span> 
     </span>
     <span class='ocr_line' id='line_1_49' title="bbox 363 4038 1959 4112; baseline 0.006 -20"><span class='ocrx_word' id='word_1_373' title='bbox 363 4038 434 4094; x_wconf 87' lang='lat' dir='ltr'><strong>iis</strong></span> <span class='ocrx_word' id='word_1_374' title='bbox 473 4040 850 4112; x_wconf 80' lang='lat' dir='ltr'><strong>phaenomena</strong></span> <span class='ocrx_word' id='word_1_375' title='bbox 887 4044 1188 4101; x_wconf 81' lang='lat' dir='ltr'><strong>sensibilia.</strong></span> <span class='ocrx_word' id='word_1_376' title='bbox 1277 4045 1545 4100; x_wconf 83' lang='lat' dir='ltr'><strong>Accidens</strong></span> <span class='ocrx_word' id='word_1_377' title='bbox 1585 4061 1700 4101; x_wconf 88' lang='lat' dir='ltr'><strong>non</strong></span> <span class='ocrx_word' id='word_1_378' title='bbox 1739 4045 1959 4102; x_wconf 88' lang='lat' dir='ltr'><strong>modale</strong></span> 
     </span>
     <span class='ocr_line' id='line_1_50' title="bbox 363 4124 1962 4204; baseline 0.004 -22"><span class='ocrx_word' id='word_1_379' title='bbox 363 4124 642 4184; x_wconf 79' lang='lat' dir='ltr'><strong>videbitur</strong></span> <span class='ocrx_word' id='word_1_380' title='bbox 679 4129 891 4202; x_wconf 88' lang='lat' dir='ltr'><strong>aliquid</strong></span> <span class='ocrx_word' id='word_1_381' title='bbox 932 4129 1154 4188; x_wconf 83' lang='lat' dir='ltr'><strong>difficile</strong></span> <span class='ocrx_word' id='word_1_382' title='bbox 1181 4132 1462 4203; x_wconf 83' lang='lat' dir='ltr'><strong>explicatu</strong></span> <span class='ocrx_word' id='word_1_383' title='bbox 1479 4171 1495 4204; x_wconf 93' lang='lat'><strong>,</strong></span> <span class='ocrx_word' id='word_1_384' title='bbox 1541 4148 1644 4187; x_wconf 85' lang='lat' dir='ltr'><strong>nec</strong></span> <span class='ocrx_word' id='word_1_385' title='bbox 1671 4130 1740 4188; x_wconf 92' lang='lat' dir='ltr'><strong>de</strong></span> <span class='ocrx_word' id='word_1_386' title='bbox 1769 4137 1962 4188; x_wconf 85' lang='lat' dir='ltr'><strong>exten-</strong></span> 
     </span>
     <span class='ocr_line' id='line_1_51' title="bbox 365 4210 1961 4294; baseline 0.007 -29"><span class='ocrx_word' id='word_1_387' title='bbox 365 4210 522 4268; x_wconf 80' lang='lat' dir='ltr'><strong>sione</strong></span> <span class='ocrx_word' id='word_1_388' title='bbox 539 4213 600 4268; x_wconf 84' lang='lat' dir='ltr'><strong>id</strong></span> <span class='ocrx_word' id='word_1_389' title='bbox 609 4216 786 4288; x_wconf 89' lang='lat' dir='ltr'><strong>capio.</strong></span> <span class='ocrx_word' id='word_1_390' title='bbox 831 4216 972 4274; x_wconf 85' lang='lat' dir='ltr'><strong>Illud</strong></span> <span class='ocrx_word' id='word_1_391' title='bbox 985 4218 1092 4274; x_wconf 86' lang='lat' dir='ltr'><strong>dici</strong></span> <span class='ocrx_word' id='word_1_392' title='bbox 1109 4219 1420 4294; x_wconf 53' lang='lat' dir='ltr'><strong>potestgetsi</strong></span> <span class='ocrx_word' id='word_1_393' title='bbox 1443 4217 1704 4278; x_wconf 79' lang='lat' dir='ltr'><strong>monades</strong></span> <span class='ocrx_word' id='word_1_394' title='bbox 1723 4235 1833 4275; x_wconf 90' lang='lat' dir='ltr'><strong>non</strong></span> <span class='ocrx_word' id='word_1_395' title='bbox 1849 4221 1961 4276; x_wconf 83' lang='lat' dir='ltr'><strong>sint</strong></span> 
     </span>
     <span class='ocr_line' id='line_1_52' title="bbox 363 4298 1961 4377; baseline 0.006 -24"><span class='ocrx_word' id='word_1_396' title='bbox 363 4298 664 4356; x_wconf 71' lang='lat' dir='ltr'><strong>accidentia</strong></span> <span class='ocrx_word' id='word_1_397' title='bbox 679 4339 696 4372; x_wconf 89' lang='lat'><strong>,</strong></span> <span class='ocrx_word' id='word_1_398' title='bbox 725 4303 972 4360; x_wconf 84' lang='lat' dir='ltr'><strong>accidere</strong></span> <span class='ocrx_word' id='word_1_399' title='bbox 999 4307 1187 4360; x_wconf 77' lang='lat' dir='ltr'><strong>tamen</strong></span> <span class='ocrx_word' id='word_1_400' title='bbox 1214 4305 1555 4360; x_wconf 83' lang='lat' dir='ltr'><strong>substantiae</strong></span> <span class='ocrx_word' id='word_1_401' title='bbox 1590 4305 1865 4377; x_wconf 87' lang='lat' dir='ltr'><strong>unionali,</strong></span> <span class='ocrx_word' id='word_1_402' title='bbox 1898 4310 1961 4362; x_wconf 90' lang='lat' dir='ltr'><strong>ut</strong></span> 
     </span>
     <span class='ocr_line' id='line_1_53' title="bbox 362 4381 1959 4472; baseline 0.006 -34"><span class='ocrx_word' id='word_1_403' title='bbox 362 4397 458 4438; x_wconf 83' lang='lat' dir='ltr'><strong>ees</strong></span> <span class='ocrx_word' id='word_1_404' title='bbox 485 4385 687 4442; x_wconf 84' lang='lat' dir='ltr'><strong>habeat</strong></span> <span class='ocrx_word' id='word_1_405' title='bbox 714 4381 965 4463; x_wconf 83' lang='lat' dir='ltr'><strong>(physica</strong></span> <span class='ocrx_word' id='word_1_406' title='bbox 991 4385 1348 4472; x_wconf 80' lang='lat' dir='ltr'><strong>necessitate)</strong></span> <span class='ocrx_word' id='word_1_407' title='bbox 1377 4391 1462 4446; x_wconf 84' lang='lat' dir='ltr'><strong>nti</strong></span> <span class='ocrx_word' id='word_1_408' title='bbox 1491 4393 1712 4463; x_wconf 82' lang='lat' dir='ltr'><strong>corpori</strong></span> <span class='ocrx_word' id='word_1_409' title='bbox 1739 4393 1959 4466; x_wconf 81' lang='lat' dir='ltr'><strong>accidit,</strong></span> 
     </span>
     <span class='ocr_line' id='line_1_54' title="bbox 365 4473 1957 4552; baseline 0.004 -24"><span class='ocrx_word' id='word_1_410' title='bbox 365 4473 430 4528; x_wconf 87' lang='lat' dir='ltr'><strong>ut</strong></span> <span class='ocrx_word' id='word_1_411' title='bbox 455 4487 492 4527; x_wconf 88' lang='lat' dir='ltr'><strong>a</strong></span> <span class='ocrx_word' id='word_1_412' title='bbox 520 4483 750 4544; x_wconf 82' lang='lat' dir='ltr'><strong>corpore</strong></span> <span class='ocrx_word' id='word_1_413' title='bbox 777 4481 1062 4552; x_wconf 79' lang='lat' dir='ltr'><strong>tangatur,</strong></span> <span class='ocrx_word' id='word_1_414' title='bbox 1103 4493 1232 4534; x_wconf 89' lang='lat' dir='ltr'><strong>cum</strong></span> <span class='ocrx_word' id='word_1_415' title='bbox 1259 4493 1459 4550; x_wconf 86' lang='lat' dir='ltr'><strong>corpus</strong></span> <span class='ocrx_word' id='word_1_416' title='bbox 1487 4483 1676 4534; x_wconf 88' lang='lat' dir='ltr'><strong>tamen</strong></span> <span class='ocrx_word' id='word_1_417' title='bbox 1703 4480 1957 4537; x_wconf 81' lang='lat' dir='ltr'><strong>accidens</strong></span> 
     </span>
     <span class='ocr_line' id='line_1_55' title="bbox 365 4557 1960 4636; baseline 0.005 -22"><span class='ocrx_word' id='word_1_418' title='bbox 365 4571 482 4614; x_wconf 83' lang='lat' dir='ltr'><strong>non</strong></span> <span class='ocrx_word' id='word_1_419' title='bbox 519 4557 610 4613; x_wconf 85' lang='lat' dir='ltr'><strong>sit.</strong></span> <span class='ocrx_word' id='word_1_420' title='bbox 697 4559 964 4620; x_wconf 69' lang='lat' dir='ltr'><strong>Exta-:sio</strong></span> <span class='ocrx_word' id='word_1_421' title='bbox 999 4564 1248 4636; x_wconf 87' lang='lat' dir='ltr'><strong>corporis</strong></span> <span class='ocrx_word' id='word_1_422' title='bbox 1287 4565 1430 4622; x_wconf 81' lang='lat' dir='ltr'><strong>nibil</strong></span> <span class='ocrx_word' id='word_1_423' title='bbox 1469 4565 1620 4624; x_wconf 86' lang='lat' dir='ltr'><strong>aliud</strong></span> <span class='ocrx_word' id='word_1_424' title='bbox 1661 4582 1780 4622; x_wconf 68' lang='lat' dir='ltr'><strong>oese</strong></span> <span class='ocrx_word' id='word_1_425' title='bbox 1809 4565 1960 4622; x_wconf 89' lang='lat' dir='ltr'><strong>vide-</strong></span> 
     </span>
     <span class='ocr_line' id='line_1_56' title="bbox 363 4647 1960 4725; baseline 0.008 -26"><span class='ocrx_word' id='word_1_426' title='bbox 363 4647 454 4700; x_wconf 83' lang='lat' dir='ltr'><strong>tur</strong></span> <span class='ocrx_word' id='word_1_427' title='bbox 503 4659 674 4718; x_wconf 87' lang='lat' dir='ltr'><strong>quam</strong></span> <span class='ocrx_word' id='word_1_428' title='bbox 723 4649 990 4714; x_wconf 79' lang='lat' dir='ltr'><strong>materiae</strong></span> <span class='ocrx_word' id='word_1_429' title='bbox 1037 4653 1381 4708; x_wconf 84' lang='lat' dir='ltr'><strong>continuatio</strong></span> <span class='ocrx_word' id='word_1_430' title='bbox 1429 4669 1528 4724; x_wconf 85' lang='lat' dir='ltr'><strong>per</strong></span> <span class='ocrx_word' id='word_1_431' title='bbox 1575 4657 1761 4725; x_wconf 86' lang='lat' dir='ltr'><strong>partes</strong></span> <span class='ocrx_word' id='word_1_432' title='bbox 1797 4657 1960 4710; x_wconf 77' lang='lat' dir='ltr'><strong>extra</strong></span> 
     </span>
     <span class='ocr_line' id='line_1_57' title="bbox 364 4733 1962 4812; baseline 0.006 -25"><span class='ocrx_word' id='word_1_433' title='bbox 364 4736 577 4805; x_wconf 65' lang='lat' dir='ltr'><strong>partos,</strong></span> <span class='ocrx_word' id='word_1_434' title='bbox 630 4749 728 4790; x_wconf 88' lang='lat' dir='ltr'><strong>seu</strong></span> <span class='ocrx_word' id='word_1_435' title='bbox 769 4733 1010 4794; x_wconf 77' lang='lat' dir='ltr'><strong>diffusio.</strong></span> <span class='ocrx_word' id='word_1_436' title='bbox 1100 4737 1215 4794; x_wconf 85' lang='lat' dir='ltr'><strong>Ubi</strong></span> <span class='ocrx_word' id='word_1_437' title='bbox 1259 4743 1444 4794; x_wconf 86' lang='lat' dir='ltr'><strong>autem</strong></span> <span class='ocrx_word' id='word_1_438' title='bbox 1473 4741 1962 4812; x_wconf 78' lang='lat' dir='ltr'><strong>supernaturaliter</strong></span> 
     </span>
     <span class='ocr_line' id='line_1_58' title="bbox 362 4807 1962 4896; baseline 0.004 -20"><span class='ocrx_word' id='word_1_439' title='bbox 362 4819 597 4876; x_wconf 64' lang='lat' dir='ltr'><strong>cenabit</strong></span> <span class='ocrx_word' id='word_1_440' title='bbox 627 4807 729 4874; x_wconf 84' lang='grc' dir='ltr'><strong>Τὸ</strong></span> <span class='ocrx_word' id='word_1_441' title='bbox 757 4827 966 4879; x_wconf 82' lang='lat' dir='ltr'><strong>extra</strong></span> <span class='ocrx_word' id='word_1_442' title='bbox 995 4828 1264 4896; x_wconf 88' lang='lat' dir='ltr'><strong>partes,</strong></span> <span class='ocrx_word' id='word_1_443' title='bbox 1303 4823 1542 4880; x_wconf 80' lang='lat' dir='ltr'><strong>cessabit</strong></span> <span class='ocrx_word' id='word_1_444' title='bbox 1569 4825 1738 4882; x_wconf 86' lang='lat' dir='ltr'><strong>etiam</strong></span> <span class='ocrx_word' id='word_1_445' title='bbox 1765 4830 1962 4884; x_wconf 83' lang='lat' dir='ltr'><strong>exten-</strong></span> 
     </span>
     <span class='ocr_line' id='line_1_59' title="bbox 365 4903 1962 4986; baseline 0.008 -28"><span class='ocrx_word' id='word_1_446' title='bbox 365 4903 479 4979; x_wconf 87' lang='lat' dir='ltr'><strong>sio,</strong></span> <span class='ocrx_word' id='word_1_447' title='bbox 530 4922 674 4977; x_wconf 88' lang='lat' dir='ltr'><strong>quae</strong></span> <span class='ocrx_word' id='word_1_448' title='bbox 725 4909 832 4982; x_wconf 83' lang='lat' dir='ltr'><strong>ipsi</strong></span> <span class='ocrx_word' id='word_1_449' title='bbox 872 4910 1094 4985; x_wconf 86' lang='lat' dir='ltr'><strong>corpori</strong></span> <span class='ocrx_word' id='word_1_450' title='bbox 1145 4909 1372 4981; x_wconf 78' lang='lat' dir='ltr'><strong>accidit3</strong></span> <span class='ocrx_word' id='word_1_451' title='bbox 1415 4911 1640 4984; x_wconf 82' lang='lat' dir='ltr'><strong>solaque</strong></span> <span class='ocrx_word' id='word_1_452' title='bbox 1692 4915 1962 4986; x_wconf 83' lang='lat' dir='ltr'><strong>supererit</strong></span> 
     </span>
     <span class='ocr_line' id='line_1_60' title="bbox 353 4994 1962 5077; baseline 0.008 -29"><span class='ocrx_word' id='word_1_453' title='bbox 353 4994 620 5052; x_wconf 79' lang='lat' dir='ltr'><strong>extensio</strong></span> <span class='ocrx_word' id='word_1_454' title='bbox 645 4995 1023 5070; x_wconf 70' lang='lat' dir='ltr'><strong>plnenomena</strong></span> <span class='ocrx_word' id='word_1_455' title='bbox 1035 5035 1056 5074; x_wconf 89' lang='lat'><strong>,</strong></span> <span class='ocrx_word' id='word_1_456' title='bbox 1086 4996 1146 5058; x_wconf 89' lang='lat' dir='ltr'><strong>in</strong></span> <span class='ocrx_word' id='word_1_457' title='bbox 1173 4995 1506 5058; x_wconf 81' lang='lat' dir='ltr'><strong>monadibus</strong></span> <span class='ocrx_word' id='word_1_458' title='bbox 1531 4997 1790 5077; x_wconf 62' lang='lat' dir='ltr'><strong>mahta,</strong></span> <span class='ocrx_word' id='word_1_459' title='bbox 1831 5015 1962 5062; x_wconf 80' lang='lat' dir='ltr'><strong>cum</strong></span> 
     </span>
    </p>
   </div>
   <div class='ocr_carea' id='block_1_10' title="bbox 2043 1173 3688 1333">
    <p class='ocr_par' dir='ltr' id='par_1_10' title="bbox 2043 1173 3688 1333">
     <span class='ocr_line' id='line_1_61' title="bbox 2043 1173 3688 1245; baseline -0.002 -16"><span class='ocrx_word' id='word_1_460' title='bbox 2043 1173 2192 1229; x_wconf 88' lang='lat' dir='ltr'><strong>enim</strong></span> <span class='ocrx_word' id='word_1_461' title='bbox 2235 1190 2355 1228; x_wconf 88' lang='lat' dir='ltr'><strong>esse</strong></span> <span class='ocrx_word' id='word_1_462' title='bbox 2389 1177 2573 1245; x_wconf 88' lang='lat' dir='ltr'><strong>partes</strong></span> <span class='ocrx_word' id='word_1_463' title='bbox 2600 1188 2921 1244; x_wconf 84' lang='lat' dir='ltr'><strong>corporum,</strong></span> <span class='ocrx_word' id='word_1_464' title='bbox 2966 1176 3187 1245; x_wconf 81' lang='lat' dir='ltr'><strong>tangere</strong></span> <span class='ocrx_word' id='word_1_465' title='bbox 3209 1188 3367 1244; x_wconf 71' lang='lat' dir='ltr'><strong>soee,</strong></span> <span class='ocrx_word' id='word_1_466' title='bbox 3428 1188 3688 1244; x_wconf 42' lang='lat' dir='ltr'><strong>compo-¹</strong></span> 
     </span>
     <span class='ocr_line' id='line_1_62' title="bbox 2043 1258 3688 1333; baseline -0.001 -16"><span class='ocrx_word' id='word_1_467' title='bbox 2043 1278 2173 1317; x_wconf 84' lang='lat' dir='ltr'><strong>nere</strong></span> <span class='ocrx_word' id='word_1_468' title='bbox 2201 1277 2460 1333; x_wconf 88' lang='lat' dir='ltr'><strong>corpora,</strong></span> <span class='ocrx_word' id='word_1_469' title='bbox 2505 1276 2616 1315; x_wconf 92' lang='lat' dir='ltr'><strong>non</strong></span> <span class='ocrx_word' id='word_1_470' title='bbox 2646 1260 2818 1332; x_wconf 84' lang='lat' dir='ltr'><strong>magis</strong></span> <span class='ocrx_word' id='word_1_471' title='bbox 2848 1259 2955 1315; x_wconf 86' lang='lat' dir='ltr'><strong>dici</strong></span> <span class='ocrx_word' id='word_1_472' title='bbox 2985 1258 3179 1332; x_wconf 88' lang='lat' dir='ltr'><strong>debet,</strong></span> <span class='ocrx_word' id='word_1_473' title='bbox 3221 1274 3399 1331; x_wconf 84' lang='lat' dir='ltr'><strong>quam</strong></span> <span class='ocrx_word' id='word_1_474' title='bbox 3436 1259 3557 1315; x_wconf 84' lang='lat' dir='ltr'><strong>boc</strong></span> <span class='ocrx_word' id='word_1_475' title='bbox 3602 1260 3688 1315; x_wconf 78' lang='lat' dir='ltr'><strong>ds</strong></span> 
     </span>
    </p>
   </div>
   <div class='ocr_carea' id='block_1_11' title="bbox 2045 1346 3661 1421">
    <p class='ocr_par' dir='ltr' id='par_1_11' title="bbox 2045 1346 3661 1421">
     <span class='ocr_line' id='line_1_63' title="bbox 2045 1346 3661 1421; baseline -0.001 -18"><span class='ocrx_word' id='word_1_476' title='bbox 2045 1349 2286 1421; x_wconf 89' lang='lat' dir='ltr'><strong>punctis,</strong></span> <span class='ocrx_word' id='word_1_477' title='bbox 2342 1353 2397 1402; x_wconf 89' lang='lat' dir='ltr'><strong>et</strong></span> <span class='ocrx_word' id='word_1_478' title='bbox 2428 1346 2722 1402; x_wconf 87' lang='lat' dir='ltr'><strong>animabus</strong></span> <span class='ocrx_word' id='word_1_479' title='bbox 2751 1346 2929 1403; x_wconf 85' lang='lat' dir='ltr'><strong>dicere</strong></span> <span class='ocrx_word' id='word_1_480' title='bbox 2956 1347 3103 1403; x_wconf 85' lang='lat' dir='ltr'><strong>licet.</strong></span> <span class='ocrx_word' id='word_1_481' title='bbox 3196 1346 3269 1402; x_wconf 89' lang='lat' dir='ltr'><strong>Et</strong></span> <span class='ocrx_word' id='word_1_482' title='bbox 3300 1361 3555 1415; x_wconf 75' lang='lat' dir='ltr'><strong>monas,</strong></span> <span class='ocrx_word' id='word_1_483' title='bbox 3608 1359 3661 1402; x_wconf 70' lang='lat' dir='ltr'><strong>m</strong></span> 
     </span>
    </p>
   </div>
   <div class='ocr_carea' id='block_1_12' title="bbox 2043 1432 3688 1509">
    <p class='ocr_par' dir='ltr' id='par_1_12' title="bbox 2043 1432 3688 1509">
     <span class='ocr_line' id='line_1_64' title="bbox 2043 1432 3688 1509; baseline 0 -20"><span class='ocrx_word' id='word_1_484' title='bbox 2043 1435 2257 1507; x_wconf 88' lang='lat' dir='ltr'><strong>anima,</strong></span> <span class='ocrx_word' id='word_1_485' title='bbox 2290 1440 2375 1490; x_wconf 75' lang='lat' dir='ltr'><strong>est</strong></span> <span class='ocrx_word' id='word_1_486' title='bbox 2404 1435 2553 1489; x_wconf 85' lang='lat' dir='ltr'><strong>velut</strong></span> <span class='ocrx_word' id='word_1_487' title='bbox 2582 1434 2820 1489; x_wconf 88' lang='lat' dir='ltr'><strong>mundus</strong></span> <span class='ocrx_word' id='word_1_488' title='bbox 2850 1432 3071 1505; x_wconf 74' lang='lat' dir='ltr'><strong>quidam</strong></span> <span class='ocrx_word' id='word_1_489' title='bbox 3094 1434 3386 1506; x_wconf 82' lang='lat' dir='ltr'><strong>proprius,</strong></span> <span class='ocrx_word' id='word_1_490' title='bbox 3438 1433 3661 1489; x_wconf 83' lang='lat' dir='ltr'><strong>nullum</strong></span> <span class='ocrx_word' id='word_1_491' title='bbox 3687 1470 3688 1509; x_wconf 68' lang='lat'>3</span> 
     </span>
    </p>
   </div>
   <div class='ocr_carea' id='block_1_13' title="bbox 2043 1694 3211 1767">
    <p class='ocr_par' dir='ltr' id='par_1_13' title="bbox 2043 1694 3211 1767">
     <span class='ocr_line' id='line_1_65' title="bbox 2043 1694 3211 1767; baseline -0.002 -14"><span class='ocrx_word' id='word_1_492' title='bbox 2043 1712 2242 1753; x_wconf 89' lang='lat' dir='ltr'><strong>norum</strong></span> <span class='ocrx_word' id='word_1_493' title='bbox 2281 1698 2425 1753; x_wconf 85' lang='lat' dir='ltr'><strong>ultra</strong></span> <span class='ocrx_word' id='word_1_494' title='bbox 2452 1695 2865 1766; x_wconf 84' lang='lat' dir='ltr'><strong>congruentiam</strong></span> <span class='ocrx_word' id='word_1_495' title='bbox 2894 1694 3211 1767; x_wconf 86' lang='lat' dir='ltr'><strong>procedens.</strong></span> 
     </span>
    </p>
   </div>
   <div class='ocr_carea' id='block_1_14' title="bbox 2002 1780 3653 1953">
    <p class='ocr_par' dir='ltr' id='par_1_14' title="bbox 2002 1780 3653 1953">
     <span class='ocr_line' id='line_1_66' title="bbox 2115 1780 3653 1848; baseline -0.002 -8"><span class='ocrx_word' id='word_1_496' title='bbox 2115 1784 2293 1848; x_wconf 80' lang='lat' dir='ltr'><strong>¹Quod</strong></span> <span class='ocrx_word' id='word_1_497' title='bbox 2339 1784 2386 1839; x_wconf 90' lang='lat' dir='ltr'><strong>si</strong></span> <span class='ocrx_word' id='word_1_498' title='bbox 2426 1784 2653 1839; x_wconf 89' lang='lat' dir='ltr'><strong>omnino</strong></span> <span class='ocrx_word' id='word_1_499' title='bbox 2692 1782 2837 1837; x_wconf 91' lang='lat' dir='ltr'><strong>nolis</strong></span> <span class='ocrx_word' id='word_1_500' title='bbox 2876 1782 3176 1839; x_wconf 80' lang='lat' dir='ltr'><strong>accidentia</strong></span> <span class='ocrx_word' id='word_1_501' title='bbox 3216 1782 3357 1837; x_wconf 76' lang='lat' dir='ltr'><strong>haec</strong></span> <span class='ocrx_word' id='word_1_502' title='bbox 3386 1780 3653 1838; x_wconf 73' lang='lat' dir='ltr'><strong>Eadm-i-</strong></span> 
     </span>
     <span class='ocr_line' id='line_1_67' title="bbox 2002 1868 3653 1953; baseline -0.001 -27"><span class='ocrx_word' id='word_1_503' title='bbox 2002 1889 2007 1901; x_wconf 92' lang='lat'><em>·</em></span> <span class='ocrx_word' id='word_1_504' title='bbox 2047 1870 2183 1926; x_wconf 86' lang='lat' dir='ltr'><strong>stica</strong></span> <span class='ocrx_word' id='word_1_505' title='bbox 2210 1888 2327 1953; x_wconf 65' lang='lat' dir='ltr'><strong>esse</strong></span> <span class='ocrx_word' id='word_1_506' title='bbox 2356 1887 2507 1925; x_wconf 87' lang='lat' dir='ltr'><strong>mera</strong></span> <span class='ocrx_word' id='word_1_507' title='bbox 2538 1871 2944 1943; x_wconf 82' lang='lat' dir='ltr'><strong>phaenomena,</strong></span> <span class='ocrx_word' id='word_1_508' title='bbox 2976 1870 3185 1941; x_wconf 90' lang='lat' dir='ltr'><strong>poterit</strong></span> <span class='ocrx_word' id='word_1_509' title='bbox 3211 1868 3345 1941; x_wconf 84' lang='lat' dir='ltr'><strong>dici,</strong></span> <span class='ocrx_word' id='word_1_510' title='bbox 3376 1884 3513 1923; x_wconf 65' lang='lat' dir='ltr'><strong>esse</strong></span> <span class='ocrx_word' id='word_1_511' title='bbox 3540 1872 3653 1925; x_wconf 77' lang='lat' dir='ltr'><strong>fun-</strong></span> 
     </span>
    </p>
   </div>
   <div class='ocr_carea' id='block_1_15' title="bbox 2045 1956 3649 2377">
    <p class='ocr_par' dir='ltr' id='par_1_15' title="bbox 2045 1956 3649 2377">
     <span class='ocr_line' id='line_1_68' title="bbox 2045 1956 3649 2029; baseline 0 -16"><span class='ocrx_word' id='word_1_512' title='bbox 2045 1958 2176 2014; x_wconf 89' lang='lat' dir='ltr'><strong>data</strong></span> <span class='ocrx_word' id='word_1_513' title='bbox 2226 1958 2285 2012; x_wconf 89' lang='lat' dir='ltr'><strong>in</strong></span> <span class='ocrx_word' id='word_1_514' title='bbox 2326 1958 2651 2014; x_wconf 86' lang='lat' dir='ltr'><strong>accidentali</strong></span> <span class='ocrx_word' id='word_1_515' title='bbox 2694 1957 2881 2028; x_wconf 90' lang='lat' dir='ltr'><strong>aliquo</strong></span> <span class='ocrx_word' id='word_1_516' title='bbox 2923 1956 3221 2029; x_wconf 88' lang='lat' dir='ltr'><strong>primario,</strong></span> <span class='ocrx_word' id='word_1_517' title='bbox 3270 1972 3495 2028; x_wconf 83' lang='lat' dir='ltr'><strong>nempe</strong></span> <span class='ocrx_word' id='word_1_518' title='bbox 3544 1973 3649 2013; x_wconf 88' lang='lat' dir='ltr'><strong>nou</strong></span> 
     </span>
     <span class='ocr_line' id='line_1_69' title="bbox 2046 2040 3645 2117; baseline -0.002 -18"><span class='ocrx_word' id='word_1_519' title='bbox 2046 2044 2271 2115; x_wconf 87' lang='lat' dir='ltr'><strong>quidem</strong></span> <span class='ocrx_word' id='word_1_520' title='bbox 2320 2044 2379 2100; x_wconf 89' lang='lat' dir='ltr'><strong>in</strong></span> <span class='ocrx_word' id='word_1_521' title='bbox 2430 2040 2779 2117; x_wconf 83' lang='lat' dir='ltr'><strong>extensione,</strong></span> <span class='ocrx_word' id='word_1_522' title='bbox 2832 2060 2973 2116; x_wconf 88' lang='lat' dir='ltr'><strong>quae</strong></span> <span class='ocrx_word' id='word_1_523' title='bbox 3023 2059 3249 2099; x_wconf 84' lang='lat' dir='ltr'><strong>manere</strong></span> <span class='ocrx_word' id='word_1_524' title='bbox 3288 2059 3415 2097; x_wconf 84' lang='lat' dir='ltr'><strong>non</strong></span> <span class='ocrx_word' id='word_1_525' title='bbox 3446 2048 3645 2117; x_wconf 73' lang='lat' dir='ltr'><strong>potest,</strong></span> 
     </span>
     <span class='ocr_line' id='line_1_70' title="bbox 2047 2118 3647 2205; baseline 0.001 -20"><span class='ocrx_word' id='word_1_526' title='bbox 2047 2131 2146 2186; x_wconf 76' lang='lat' dir='ltr'><strong>sed</strong></span> <span class='ocrx_word' id='word_1_527' title='bbox 2196 2132 2257 2187; x_wconf 86' lang='lat' dir='ltr'><strong>in</strong></span> <span class='ocrx_word' id='word_1_528' title='bbox 2310 2132 2527 2205; x_wconf 76' lang='lat' dir='ltr'><strong>punctis</strong></span> <span class='ocrx_word' id='word_1_529' title='bbox 2570 2129 2737 2199; x_wconf 83' lang='lat' dir='ltr'><strong>hujus</strong></span> <span class='ocrx_word' id='word_1_530' title='bbox 2774 2130 3113 2187; x_wconf 73' lang='lat' dir='ltr'><strong>extensionis</strong></span> <span class='ocrx_word' id='word_1_531' title='bbox 3150 2130 3225 2187; x_wconf 69' lang='lat' dir='ltr'><strong>aa</strong></span> <span class='ocrx_word' id='word_1_532' title='bbox 3258 2118 3549 2187; x_wconf 57' lang='lat' dir='ltr'><strong>monade</strong></span> <span class='ocrx_word' id='word_1_533' title='bbox 3574 2148 3647 2187; x_wconf 73' lang='lat' dir='ltr'><strong>re-</strong></span> 
     </span>
     <span class='ocr_line' id='line_1_71' title="bbox 2046 2217 3647 2299; baseline 0 -26"><span class='ocrx_word' id='word_1_534' title='bbox 2046 2218 2457 2291; x_wconf 85' lang='lat' dir='ltr'><strong>spondentibus,</strong></span> <span class='ocrx_word' id='word_1_535' title='bbox 2490 2218 2712 2275; x_wconf 76' lang='lat' dir='ltr'><strong>sublata</strong></span> <span class='ocrx_word' id='word_1_536' title='bbox 2740 2217 2945 2275; x_wconf 83' lang='lat' dir='ltr'><strong>unione</strong></span> <span class='ocrx_word' id='word_1_537' title='bbox 2972 2217 3295 2275; x_wconf 87' lang='lat' dir='ltr'><strong>continuum</strong></span> <span class='ocrx_word' id='word_1_538' title='bbox 3324 2233 3401 2299; x_wconf 71' lang='lat' dir='ltr'><strong>ex</strong></span> <span class='ocrx_word' id='word_1_539' title='bbox 3432 2219 3647 2290; x_wconf 83' lang='lat' dir='ltr'><strong>punctis</strong></span> 
     </span>
     <span class='ocr_line' id='line_1_72' title="bbox 2045 2305 3647 2377; baseline 0 -16"><span class='ocrx_word' id='word_1_540' title='bbox 2045 2306 2442 2377; x_wconf 78' lang='lat' dir='ltr'><strong>constituente3</strong></span> <span class='ocrx_word' id='word_1_541' title='bbox 2494 2310 2659 2376; x_wconf 89' lang='lat' dir='ltr'><strong>atque</strong></span> <span class='ocrx_word' id='word_1_542' title='bbox 2697 2305 2838 2363; x_wconf 87' lang='lat' dir='ltr'><strong>adeo</strong></span> <span class='ocrx_word' id='word_1_543' title='bbox 2866 2306 3096 2361; x_wconf 86' lang='lat' dir='ltr'><strong>sublatis</strong></span> <span class='ocrx_word' id='word_1_544' title='bbox 3125 2305 3319 2377; x_wconf 86' lang='lat' dir='ltr'><strong>lineis,</strong></span> <span class='ocrx_word' id='word_1_545' title='bbox 3369 2308 3431 2361; x_wconf 86' lang='lat' dir='ltr'><strong>et</strong></span> <span class='ocrx_word' id='word_1_546' title='bbox 3462 2306 3647 2377; x_wconf 74' lang='lat' dir='ltr'><strong>figis-is</strong></span> 
     </span>
    </p>
   </div>
   <div class='ocr_carea' id='block_1_16' title="bbox 2047 2384 3688 2467">
    <p class='ocr_par' dir='ltr' id='par_1_16' title="bbox 2047 2384 3688 2467">
     <span class='ocr_line' id='line_1_73' title="bbox 2047 2384 3688 2467; baseline -0.001 -20"><span class='ocrx_word' id='word_1_547' title='bbox 2047 2394 2354 2467; x_wconf 87' lang='lat' dir='ltr'><strong>continuis,</strong></span> <span class='ocrx_word' id='word_1_548' title='bbox 2408 2391 2768 2465; x_wconf 88' lang='lat' dir='ltr'><strong>qualitatibus</strong></span> <span class='ocrx_word' id='word_1_549' title='bbox 2804 2396 2993 2449; x_wconf 87' lang='lat' dir='ltr'><strong>autem</strong></span> <span class='ocrx_word' id='word_1_550' title='bbox 3040 2398 3097 2449; x_wconf 86' lang='lat' dir='ltr'><strong>et</strong></span> <span class='ocrx_word' id='word_1_551' title='bbox 3136 2391 3369 2447; x_wconf 80' lang='lat' dir='ltr'><strong>caeteris</strong></span> <span class='ocrx_word' id='word_1_552' title='bbox 3408 2392 3651 2448; x_wconf 82' lang='lat' dir='ltr'><strong>realibus</strong></span> <span class='ocrx_word' id='word_1_553' title='bbox 3687 2384 3688 2431; x_wconf 75' lang='lat'>3</span> 
     </span>
    </p>
   </div>
   <div class='ocr_carea' id='block_1_17' title="bbox 2048 2479 3645 2552">
    <p class='ocr_par' dir='ltr' id='par_1_17' title="bbox 2048 2479 3645 2552">
     <span class='ocr_line' id='line_1_74' title="bbox 2048 2479 3645 2552; baseline 0.001 -18"><span class='ocrx_word' id='word_1_554' title='bbox 2048 2480 2419 2537; x_wconf 86' lang='lat' dir='ltr'><strong>accidentibus</strong></span> <span class='ocrx_word' id='word_1_555' title='bbox 2470 2479 2815 2541; x_wconf 82' lang='lat' dir='ltr'><strong>manentibus</strong></span> <span class='ocrx_word' id='word_1_556' title='bbox 2830 2516 2847 2551; x_wconf 91' lang='lat'><strong>,</strong></span> <span class='ocrx_word' id='word_1_557' title='bbox 2900 2496 3011 2552; x_wconf 90' lang='lat' dir='ltr'><strong>ope</strong></span> <span class='ocrx_word' id='word_1_558' title='bbox 3060 2480 3473 2535; x_wconf 87' lang='lat' dir='ltr'><strong>remanentium</strong></span> <span class='ocrx_word' id='word_1_559' title='bbox 3515 2495 3645 2551; x_wconf 86' lang='lat' dir='ltr'><strong>pun-</strong></span> 
     </span>
    </p>
   </div>
   <div class='ocr_carea' id='block_1_18' title="bbox 2048 2564 3688 2639">
    <p class='ocr_par' dir='ltr' id='par_1_18' title="bbox 2048 2564 3688 2639">
     <span class='ocr_line' id='line_1_75' title="bbox 2048 2564 3688 2639; baseline 0 -18"><span class='ocrx_word' id='word_1_560' title='bbox 2048 2570 2262 2624; x_wconf 85' lang='lat' dir='ltr'><strong>ctorum</strong></span> <span class='ocrx_word' id='word_1_561' title='bbox 2291 2567 2707 2624; x_wconf 87' lang='lat' dir='ltr'><strong>accidentalium</strong></span> <span class='ocrx_word' id='word_1_562' title='bbox 2722 2606 2741 2639; x_wconf 93' lang='lat'><strong>,</strong></span> <span class='ocrx_word' id='word_1_563' title='bbox 2768 2566 2959 2623; x_wconf 86' lang='lat' dir='ltr'><strong>demta</strong></span> <span class='ocrx_word' id='word_1_564' title='bbox 2986 2564 3383 2637; x_wconf 85' lang='lat' dir='ltr'><strong>continuitate,</strong></span> <span class='ocrx_word' id='word_1_565' title='bbox 3426 2582 3575 2637; x_wconf 73' lang='lat' dir='ltr'><strong>quae</strong></span> <span class='ocrx_word' id='word_1_566' title='bbox 3608 2584 3645 2621; x_wconf 83' lang='lat' dir='ltr'><strong>a</strong></span> <span class='ocrx_word' id='word_1_567' title='bbox 3687 2606 3688 2633; x_wconf 22' lang='grc' dir='ltr'><strong>ᾗ</strong></span> 
     </span>
    </p>
   </div>
   <div class='ocr_carea' id='block_1_19' title="bbox 2043 2652 3641 3076">
    <p class='ocr_par' dir='ltr' id='par_1_19' title="bbox 2043 2652 3641 3076">
     <span class='ocr_line' id='line_1_76' title="bbox 2049 2652 3641 2728; baseline -0.001 -17"><span class='ocrx_word' id='word_1_568' title='bbox 2049 2654 2297 2713; x_wconf 76' lang='lat' dir='ltr'><strong>realitate</strong></span> <span class='ocrx_word' id='word_1_569' title='bbox 2334 2655 2581 2711; x_wconf 89' lang='lat' dir='ltr'><strong>unionali</strong></span> <span class='ocrx_word' id='word_1_570' title='bbox 2594 2694 2613 2728; x_wconf 94' lang='lat'><strong>,</strong></span> <span class='ocrx_word' id='word_1_571' title='bbox 2666 2671 2762 2711; x_wconf 87' lang='lat' dir='ltr'><strong>seu</strong></span> <span class='ocrx_word' id='word_1_572' title='bbox 2804 2652 3026 2711; x_wconf 81' lang='lat' dir='ltr'><strong>vinculo</strong></span> <span class='ocrx_word' id='word_1_573' title='bbox 3056 2653 3413 2709; x_wconf 82' lang='lat' dir='ltr'><strong>substantiali</strong></span> <span class='ocrx_word' id='word_1_574' title='bbox 3446 2652 3641 2725; x_wconf 79' lang='lat' dir='ltr'><strong>pende·</strong></span> 
     </span>
     <span class='ocr_line' id='line_1_77' title="bbox 2050 2740 3641 2814; baseline 0 -17"><span class='ocrx_word' id='word_1_575' title='bbox 2050 2742 2176 2814; x_wconf 80' lang='lat' dir='ltr'><strong>bat3</strong></span> <span class='ocrx_word' id='word_1_576' title='bbox 2226 2749 2285 2799; x_wconf 90' lang='lat' dir='ltr'><strong>et</strong></span> <span class='ocrx_word' id='word_1_577' title='bbox 2332 2746 2581 2799; x_wconf 85' lang='lat' dir='ltr'><strong>cessante</strong></span> <span class='ocrx_word' id='word_1_578' title='bbox 2617 2740 2737 2811; x_wconf 85' lang='lat' dir='ltr'><strong>ejus</strong></span> <span class='ocrx_word' id='word_1_579' title='bbox 2778 2741 3073 2797; x_wconf 79' lang='lat' dir='ltr'><strong>diffusione</strong></span> <span class='ocrx_word' id='word_1_580' title='bbox 3121 2756 3221 2813; x_wconf 71' lang='lat' dir='ltr'><strong>pei¹</strong></span> <span class='ocrx_word' id='word_1_581' title='bbox 3261 2744 3453 2811; x_wconf 65' lang='grc' dir='ltr'>ραι-ιω</span> <span class='ocrx_word' id='word_1_582' title='bbox 3490 2748 3641 2797; x_wconf 78' lang='lat' dir='ltr'><strong>extra</strong></span> 
     </span>
     <span class='ocr_line' id='line_1_78' title="bbox 2046 2827 3639 2903; baseline -0.003 -18"><span class='ocrx_word' id='word_1_583' title='bbox 2046 2834 2257 2903; x_wconf 86' lang='lat' dir='ltr'><strong>partes,</strong></span> <span class='ocrx_word' id='word_1_584' title='bbox 2307 2829 2571 2887; x_wconf 82' lang='lat' dir='ltr'><strong>cessabat.</strong></span> <span class='ocrx_word' id='word_1_585' title='bbox 2660 2829 2852 2903; x_wconf 86' lang='lat' dir='ltr'><strong>Itaque</strong></span> <span class='ocrx_word' id='word_1_586' title='bbox 2891 2832 3091 2901; x_wconf 84' lang='lat' dir='ltr'><strong>puncta</strong></span> <span class='ocrx_word' id='word_1_587' title='bbox 3132 2827 3497 2901; x_wconf 77' lang='lat' dir='ltr'><strong>accidentalia</strong></span> <span class='ocrx_word' id='word_1_588' title='bbox 3520 2844 3639 2897; x_wconf 80' lang='lat' dir='ltr'><strong>pos-</strong></span> 
     </span>
     <span class='ocr_line' id='line_1_79' title="bbox 2047 2912 3637 2990; baseline -0.001 -18"><span class='ocrx_word' id='word_1_589' title='bbox 2047 2920 2175 2974; x_wconf 85' lang='lat' dir='ltr'><strong>sunt</strong></span> <span class='ocrx_word' id='word_1_590' title='bbox 2213 2916 2574 2990; x_wconf 83' lang='lat' dir='ltr'><strong>considerari,</strong></span> <span class='ocrx_word' id='word_1_591' title='bbox 2618 2920 2682 2973; x_wconf 89' lang='lat' dir='ltr'><strong>ut</strong></span> <span class='ocrx_word' id='word_1_592' title='bbox 2710 2916 3035 2990; x_wconf 84' lang='lat' dir='ltr'><strong>primarium</strong></span> <span class='ocrx_word' id='word_1_593' title='bbox 3062 2912 3347 2988; x_wconf 87' lang='lat' dir='ltr'><strong>accidens,</strong></span> <span class='ocrx_word' id='word_1_594' title='bbox 3390 2914 3541 2986; x_wconf 84' lang='lat' dir='ltr'><strong>quod</strong></span> <span class='ocrx_word' id='word_1_595' title='bbox 3568 2916 3637 2970; x_wconf 80' lang='lat' dir='ltr'><strong>sit</strong></span> 
     </span>
     <span class='ocr_line' id='line_1_80' title="bbox 2043 3002 3635 3076; baseline -0.001 -17"><span class='ocrx_word' id='word_1_596' title='bbox 2043 3009 2383 3062; x_wconf 86' lang='lat' dir='ltr'><strong>caeterorum</strong></span> <span class='ocrx_word' id='word_1_597' title='bbox 2435 3003 2586 3060; x_wconf 85' lang='lat' dir='ltr'><strong>basis</strong></span> <span class='ocrx_word' id='word_1_598' title='bbox 2604 3029 2628 3075; x_wconf 89' lang='lat'><strong>·,</strong></span> <span class='ocrx_word' id='word_1_599' title='bbox 2680 3007 2737 3059; x_wconf 91' lang='lat' dir='ltr'><strong>et</strong></span> <span class='ocrx_word' id='word_1_600' title='bbox 2786 3002 3195 3076; x_wconf 82' lang='lat' dir='ltr'><strong>quodammodo</strong></span> <span class='ocrx_word' id='word_1_601' title='bbox 3244 3018 3359 3058; x_wconf 86' lang='lat' dir='ltr'><strong>non</strong></span> <span class='ocrx_word' id='word_1_602' title='bbox 3402 3003 3635 3072; x_wconf 82' lang='lat' dir='ltr'><strong>modale,</strong></span> 
     </span>
    </p>
   </div>
   <div class='ocr_carea' id='block_1_20' title="bbox 2046 3090 3688 3162">
    <p class='ocr_par' dir='ltr' id='par_1_20' title="bbox 2046 3090 3688 3162">
     <span class='ocr_line' id='line_1_81' title="bbox 2046 3090 3688 3162; baseline 0 -15"><span class='ocrx_word' id='word_1_603' title='bbox 2046 3091 2197 3162; x_wconf 89' lang='lat' dir='ltr'><strong>quod</strong></span> <span class='ocrx_word' id='word_1_604' title='bbox 2238 3091 2309 3148; x_wconf 86' lang='lat' dir='ltr'><strong>de</strong></span> <span class='ocrx_word' id='word_1_605' title='bbox 2337 3091 2661 3148; x_wconf 85' lang='lat' dir='ltr'><strong>extensione</strong></span> <span class='ocrx_word' id='word_1_606' title='bbox 2702 3107 2801 3148; x_wconf 88' lang='lat' dir='ltr'><strong>seu</strong></span> <span class='ocrx_word' id='word_1_607' title='bbox 2837 3090 3133 3148; x_wconf 80' lang='lat' dir='ltr'><strong>diffusione</strong></span> <span class='ocrx_word' id='word_1_608' title='bbox 3170 3090 3443 3146; x_wconf 81' lang='lat' dir='ltr'><strong>materiae</strong></span> <span class='ocrx_word' id='word_1_609' title='bbox 3470 3090 3637 3146; x_wconf 87' lang='lat' dir='ltr'><strong>conti-</strong></span> <span class='ocrx_word' id='word_1_610' title='bbox 3687 3097 3688 3154; x_wconf 64' lang='grc' dir='ltr'>ἰ</span> 
     </span>
    </p>
   </div>
   <div class='ocr_carea' id='block_1_21' title="bbox 2048 3178 2533 3251">
    <p class='ocr_par' dir='ltr' id='par_1_21' title="bbox 2048 3178 2533 3251">
     <span class='ocr_line' id='line_1_82' title="bbox 2048 3178 2533 3251; baseline 0 -17"><span class='ocrx_word' id='word_1_611' title='bbox 2048 3194 2160 3234; x_wconf 88' lang='lat' dir='ltr'><strong>nua</strong></span> <span class='ocrx_word' id='word_1_612' title='bbox 2190 3179 2297 3236; x_wconf 91' lang='lat' dir='ltr'><strong>dici</strong></span> <span class='ocrx_word' id='word_1_613' title='bbox 2326 3178 2533 3251; x_wconf 89' lang='lat' dir='ltr'><strong>nequit.</strong></span> 
     </span>
    </p>
   </div>
   <div class='ocr_carea' id='block_1_22' title="bbox 2044 3261 3688 3688">
    <p class='ocr_par' dir='ltr' id='par_1_22' title="bbox 2044 3261 3688 3688">
     <span class='ocr_line' id='line_1_83' title="bbox 2138 3261 3688 3338; baseline -0.001 -18"><span class='ocrx_word' id='word_1_614' title='bbox 2138 3265 2259 3322; x_wconf 90' lang='lat' dir='ltr'><strong>Imo</strong></span> <span class='ocrx_word' id='word_1_615' title='bbox 2299 3283 2360 3321; x_wconf 76' lang='lat' dir='ltr'><strong>re</strong></span> <span class='ocrx_word' id='word_1_616' title='bbox 2400 3265 2575 3334; x_wconf 83' lang='lat' dir='ltr'><strong>magis</strong></span> <span class='ocrx_word' id='word_1_617' title='bbox 2604 3280 2876 3338; x_wconf 83' lang='lat' dir='ltr'><strong>expensa,</strong></span> <span class='ocrx_word' id='word_1_618' title='bbox 2918 3263 3080 3320; x_wconf 85' lang='lat' dir='ltr'><strong>video</strong></span> <span class='ocrx_word' id='word_1_619' title='bbox 3098 3261 3223 3332; x_wconf 85' lang='lat' dir='ltr'><strong>jam</strong></span> <span class='ocrx_word' id='word_1_620' title='bbox 3248 3267 3307 3318; x_wconf 89' lang='lat' dir='ltr'><strong>et</strong></span> <span class='ocrx_word' id='word_1_621' title='bbox 3336 3263 3521 3335; x_wconf 79' lang='lat' dir='ltr'><strong>ipsam</strong></span> <span class='ocrx_word' id='word_1_622' title='bbox 3548 3279 3637 3318; x_wconf 88' lang='lat' dir='ltr'><strong>ex·</strong></span> <span class='ocrx_word' id='word_1_623' title='bbox 3687 3263 3688 3270; x_wconf 76' lang='grc'>’</span> 
     </span>
     <span class='ocr_line' id='line_1_84' title="bbox 2046 3351 3635 3426; baseline -0.002 -18"><span class='ocrx_word' id='word_1_624' title='bbox 2046 3354 2357 3409; x_wconf 80' lang='lat' dir='ltr'><strong>tensionem</strong></span> <span class='ocrx_word' id='word_1_625' title='bbox 2398 3352 2635 3426; x_wconf 86' lang='lat' dir='ltr'><strong>salvari,</strong></span> <span class='ocrx_word' id='word_1_626' title='bbox 2685 3355 2849 3422; x_wconf 86' lang='lat' dir='ltr'><strong>atque</strong></span> <span class='ocrx_word' id='word_1_627' title='bbox 2888 3351 3029 3407; x_wconf 84' lang='lat' dir='ltr'><strong>adeo</strong></span> <span class='ocrx_word' id='word_1_628' title='bbox 3073 3355 3225 3408; x_wconf 88' lang='lat' dir='ltr'><strong>tuam</strong></span> <span class='ocrx_word' id='word_1_629' title='bbox 3254 3353 3439 3406; x_wconf 78' lang='lat' dir='ltr'><strong>vestra</strong></span> <span class='ocrx_word' id='word_1_630' title='bbox 3468 3351 3635 3422; x_wconf 87' lang='lat' dir='ltr'><strong>expli-</strong></span> 
     </span>
     <span class='ocr_line' id='line_1_85' title="bbox 2044 3427 3688 3520; baseline -0.002 -24"><span class='ocrx_word' id='word_1_631' title='bbox 2044 3439 2205 3496; x_wconf 83' lang='lat' dir='ltr'><strong>candi</strong></span> <span class='ocrx_word' id='word_1_632' title='bbox 2257 3441 2586 3496; x_wconf 88' lang='lat' dir='ltr'><strong>sententiam</strong></span> <span class='ocrx_word' id='word_1_633' title='bbox 2634 3437 2855 3494; x_wconf 86' lang='lat' dir='ltr'><strong>admitti</strong></span> <span class='ocrx_word' id='word_1_634' title='bbox 2898 3454 3086 3510; x_wconf 85' lang='lat' dir='ltr'><strong>posse,</strong></span> <span class='ocrx_word' id='word_1_635' title='bbox 3138 3437 3187 3492; x_wconf 87' lang='lat' dir='ltr'><strong>si</strong></span> <span class='ocrx_word' id='word_1_636' title='bbox 3228 3436 3355 3509; x_wconf 87' lang='lat' dir='ltr'><strong>quis</strong></span> <span class='ocrx_word' id='word_1_637' title='bbox 3400 3438 3637 3510; x_wconf 79' lang='lat' dir='ltr'><strong>phaeno-</strong></span> <span class='ocrx_word' id='word_1_638' title='bbox 3687 3427 3688 3520; x_wconf 90' lang='lat'><strong>3</strong></span> 
     </span>
     <span class='ocr_line' id='line_1_86' title="bbox 2046 3524 3688 3596; baseline -0.003 -14"><span class='ocrx_word' id='word_1_639' title='bbox 2046 3543 2206 3584; x_wconf 89' lang='lat' dir='ltr'><strong>mena</strong></span> <span class='ocrx_word' id='word_1_640' title='bbox 2250 3527 2403 3584; x_wconf 88' lang='lat' dir='ltr'><strong>nolit.</strong></span> <span class='ocrx_word' id='word_1_641' title='bbox 2494 3526 2641 3582; x_wconf 89' lang='lat' dir='ltr'><strong>Nam</strong></span> <span class='ocrx_word' id='word_1_642' title='bbox 2678 3530 2741 3579; x_wconf 90' lang='lat' dir='ltr'><strong>ut</strong></span> <span class='ocrx_word' id='word_1_643' title='bbox 2791 3531 2991 3596; x_wconf 86' lang='lat' dir='ltr'><strong>puncta</strong></span> <span class='ocrx_word' id='word_1_644' title='bbox 3032 3524 3391 3580; x_wconf 82' lang='lat' dir='ltr'><strong>accidentalia</strong></span> <span class='ocrx_word' id='word_1_645' title='bbox 3420 3525 3637 3580; x_wconf 80' lang='lat' dir='ltr'><strong>admitti</strong></span> <span class='ocrx_word' id='word_1_646' title='bbox 3687 3529 3688 3558; x_wconf 45' lang='grc' dir='ltr'>ἒ</span> 
     </span>
     <span class='ocr_line' id='line_1_87' title="bbox 2044 3611 3688 3688; baseline -0.002 -19"><span class='ocrx_word' id='word_1_647' title='bbox 2044 3617 2303 3686; x_wconf 85' lang='lat' dir='ltr'><strong>possunt,</strong></span> <span class='ocrx_word' id='word_1_648' title='bbox 2333 3614 2413 3670; x_wconf 91' lang='lat' dir='ltr'><strong>ita</strong></span> <span class='ocrx_word' id='word_1_649' title='bbox 2441 3613 2649 3687; x_wconf 87' lang='lat' dir='ltr'><strong>poterit</strong></span> <span class='ocrx_word' id='word_1_650' title='bbox 2676 3611 2872 3686; x_wconf 89' lang='lat' dir='ltr'><strong>etiam,</strong></span> <span class='ocrx_word' id='word_1_651' title='bbox 2913 3612 3031 3668; x_wconf 88' lang='lat' dir='ltr'><strong>imo</strong></span> <span class='ocrx_word' id='word_1_652' title='bbox 3059 3612 3289 3666; x_wconf 80' lang='lat' dir='ltr'><strong>sortasse</strong></span> <span class='ocrx_word' id='word_1_653' title='bbox 3318 3615 3451 3666; x_wconf 86' lang='lat' dir='ltr'><strong>tunc</strong></span> <span class='ocrx_word' id='word_1_654' title='bbox 3476 3612 3635 3666; x_wconf 80' lang='lat' dir='ltr'><strong>debe-</strong></span> <span class='ocrx_word' id='word_1_655' title='bbox 3687 3627 3688 3688; x_wconf 60' lang='lat'>3</span> 
     </span>
    </p>
   </div>
   <div class='ocr_carea' id='block_1_23' title="bbox 2042 3698 3633 4727">
    <p class='ocr_par' dir='ltr' id='par_1_23' title="bbox 2042 3698 3633 4727">
     <span class='ocr_line' id='line_1_88' title="bbox 2044 3698 3633 3757; baseline -0.003 0"><span class='ocrx_word' id='word_1_656' title='bbox 2044 3701 2129 3757; x_wconf 90' lang='lat' dir='ltr'><strong>bit</strong></span> <span class='ocrx_word' id='word_1_657' title='bbox 2178 3700 2398 3757; x_wconf 89' lang='lat' dir='ltr'><strong>admitti</strong></span> <span class='ocrx_word' id='word_1_658' title='bbox 2448 3717 2643 3757; x_wconf 86' lang='lat' dir='ltr'><strong>eorum</strong></span> <span class='ocrx_word' id='word_1_659' title='bbox 2698 3698 2849 3753; x_wconf 89' lang='lat' dir='ltr'><strong>unio.</strong></span> <span class='ocrx_word' id='word_1_660' title='bbox 2936 3698 3023 3754; x_wconf 84' lang='lat' dir='ltr'><strong>Ita</strong></span> <span class='ocrx_word' id='word_1_661' title='bbox 3064 3698 3331 3754; x_wconf 82' lang='lat' dir='ltr'><strong>habemus</strong></span> <span class='ocrx_word' id='word_1_662' title='bbox 3358 3698 3633 3753; x_wconf 82' lang='lat' dir='ltr'><strong>extensio-</strong></span> 
     </span>
     <span class='ocr_line' id='line_1_89' title="bbox 2044 3784 3633 3844; baseline -0.001 -1"><span class='ocrx_word' id='word_1_663' title='bbox 2044 3803 2169 3843; x_wconf 90' lang='lat' dir='ltr'><strong>nem</strong></span> <span class='ocrx_word' id='word_1_664' title='bbox 2210 3787 2605 3844; x_wconf 74' lang='lat' dir='ltr'><strong>aocidentalem</strong></span> <span class='ocrx_word' id='word_1_665' title='bbox 2648 3784 2983 3841; x_wconf 87' lang='lat' dir='ltr'><strong>absolutam.</strong></span> <span class='ocrx_word' id='word_1_666' title='bbox 3074 3786 3181 3842; x_wconf 88' lang='lat' dir='ltr'><strong>Sed</strong></span> <span class='ocrx_word' id='word_1_667' title='bbox 3218 3785 3351 3840; x_wconf 83' lang='lat' dir='ltr'><strong>talis</strong></span> <span class='ocrx_word' id='word_1_668' title='bbox 3388 3785 3633 3842; x_wconf 76' lang='lat' dir='ltr'><strong>extensio</strong></span> 
     </span>
     <span class='ocr_line' id='line_1_90' title="bbox 2044 3871 3630 3945; baseline -0.001 -15"><span class='ocrx_word' id='word_1_669' title='bbox 2044 3875 2349 3931; x_wconf 86' lang='lat' dir='ltr'><strong>formaliter</strong></span> <span class='ocrx_word' id='word_1_670' title='bbox 2388 3873 2613 3945; x_wconf 90' lang='lat' dir='ltr'><strong>quidem</strong></span> <span class='ocrx_word' id='word_1_671' title='bbox 2650 3872 2796 3928; x_wconf 89' lang='lat' dir='ltr'><strong>dicet</strong></span> <span class='ocrx_word' id='word_1_672' title='bbox 2822 3871 3178 3928; x_wconf 80' lang='lat' dir='ltr'><strong>diffusionem</strong></span> <span class='ocrx_word' id='word_1_673' title='bbox 3204 3873 3449 3943; x_wconf 85' lang='lat' dir='ltr'><strong>partium</strong></span> <span class='ocrx_word' id='word_1_674' title='bbox 3474 3876 3630 3928; x_wconf 72' lang='lat' dir='ltr'><strong>extr-a</strong></span> 
     </span>
     <span class='ocr_line' id='line_1_91' title="bbox 2044 3959 3631 4035; baseline -0.002 -18"><span class='ocrx_word' id='word_1_675' title='bbox 2044 3965 2257 4035; x_wconf 86' lang='lat' dir='ltr'><strong>partes,</strong></span> <span class='ocrx_word' id='word_1_676' title='bbox 2302 3961 2363 4016; x_wconf 90' lang='lat' dir='ltr'><strong>id</strong></span> <span class='ocrx_word' id='word_1_677' title='bbox 2390 3966 2577 4016; x_wconf 88' lang='lat' dir='ltr'><strong>autem</strong></span> <span class='ocrx_word' id='word_1_678' title='bbox 2606 3959 2755 4032; x_wconf 88' lang='lat' dir='ltr'><strong>quod</strong></span> <span class='ocrx_word' id='word_1_679' title='bbox 2784 3959 3153 4030; x_wconf 80' lang='lat' dir='ltr'><strong>diffundetur,</strong></span> <span class='ocrx_word' id='word_1_680' title='bbox 3194 3974 3310 4016; x_wconf 87' lang='lat' dir='ltr'><strong>non</strong></span> <span class='ocrx_word' id='word_1_681' title='bbox 3334 3960 3443 4014; x_wconf 86' lang='lat' dir='ltr'><strong>erit</strong></span> <span class='ocrx_word' id='word_1_682' title='bbox 3466 3963 3631 4014; x_wconf 75' lang='lat' dir='ltr'><strong>niste-</strong></span> 
     </span>
     <span class='ocr_line' id='line_1_92' title="bbox 2044 4046 3627 4118; baseline -0.001 -14"><span class='ocrx_word' id='word_1_683' title='bbox 2044 4048 2129 4104; x_wconf 88' lang='lat' dir='ltr'><strong>ria</strong></span> <span class='ocrx_word' id='word_1_684' title='bbox 2168 4065 2263 4104; x_wconf 89' lang='lat' dir='ltr'><strong>seu</strong></span> <span class='ocrx_word' id='word_1_685' title='bbox 2300 4046 2607 4104; x_wconf 76' lang='lat' dir='ltr'><strong>substantia</strong></span> <span class='ocrx_word' id='word_1_686' title='bbox 2648 4047 2897 4118; x_wconf 85' lang='lat' dir='ltr'><strong>corporis</strong></span> <span class='ocrx_word' id='word_1_687' title='bbox 2926 4046 3260 4118; x_wconf 74' lang='lat' dir='ltr'><strong>formaliter,</strong></span> <span class='ocrx_word' id='word_1_688' title='bbox 3296 4046 3393 4102; x_wconf 84' lang='lat' dir='ltr'><strong>sed</strong></span> <span class='ocrx_word' id='word_1_689' title='bbox 3422 4050 3627 4102; x_wconf 73' lang='lat' dir='ltr'><strong>taum</strong></span> 
     </span>
     <span class='ocr_line' id='line_1_93' title="bbox 2042 4131 3625 4205; baseline -0.001 -15"><span class='ocrx_word' id='word_1_690' title='bbox 2042 4134 2465 4204; x_wconf 80' lang='lat' dir='ltr'><strong>exigentialiter.</strong></span> <span class='ocrx_word' id='word_1_691' title='bbox 2552 4133 2737 4204; x_wconf 87' lang='lat' dir='ltr'><strong>Ipsum</strong></span> <span class='ocrx_word' id='word_1_692' title='bbox 2767 4137 2952 4190; x_wconf 79' lang='lat' dir='ltr'><strong>autem</strong></span> <span class='ocrx_word' id='word_1_693' title='bbox 2980 4134 3231 4204; x_wconf 73' lang='lat' dir='ltr'><strong>formale,</strong></span> <span class='ocrx_word' id='word_1_694' title='bbox 3262 4131 3410 4205; x_wconf 87' lang='lat' dir='ltr'><strong>quod</strong></span> <span class='ocrx_word' id='word_1_695' title='bbox 3438 4133 3625 4191; x_wconf 82' lang='lat' dir='ltr'><strong>diffun-</strong></span> 
     </span>
     <span class='ocr_line' id='line_1_94' title="bbox 2044 4219 3622 4294; baseline -0.001 -19"><span class='ocrx_word' id='word_1_696' title='bbox 2044 4221 2224 4293; x_wconf 88' lang='lat' dir='ltr'><strong>ditur,</strong></span> <span class='ocrx_word' id='word_1_697' title='bbox 2276 4221 2383 4276; x_wconf 90' lang='lat' dir='ltr'><strong>erit</strong></span> <span class='ocrx_word' id='word_1_698' title='bbox 2425 4220 2703 4294; x_wconf 85' lang='lat' dir='ltr'><strong>localitas,</strong></span> <span class='ocrx_word' id='word_1_699' title='bbox 2752 4235 2851 4276; x_wconf 87' lang='lat' dir='ltr'><strong>seu</strong></span> <span class='ocrx_word' id='word_1_700' title='bbox 2892 4221 3040 4292; x_wconf 88' lang='lat' dir='ltr'><strong>quod</strong></span> <span class='ocrx_word' id='word_1_701' title='bbox 3080 4221 3215 4278; x_wconf 78' lang='lat' dir='ltr'><strong>facit</strong></span> <span class='ocrx_word' id='word_1_702' title='bbox 3241 4221 3407 4276; x_wconf 88' lang='lat' dir='ltr'><strong>situm</strong></span> <span class='ocrx_word' id='word_1_703' title='bbox 3424 4259 3441 4292; x_wconf 89' lang='lat'><strong>,</strong></span> <span class='ocrx_word' id='word_1_704' title='bbox 3487 4219 3622 4290; x_wconf 85' lang='lat' dir='ltr'><strong>quod</strong></span> 
     </span>
     <span class='ocr_line' id='line_1_95' title="bbox 2044 4306 3619 4380; baseline -0.003 -17"><span class='ocrx_word' id='word_1_705' title='bbox 2044 4309 2223 4380; x_wconf 88' lang='lat' dir='ltr'><strong>ipsum</strong></span> <span class='ocrx_word' id='word_1_706' title='bbox 2254 4323 2393 4380; x_wconf 82' lang='lat' dir='ltr'><strong>opus</strong></span> <span class='ocrx_word' id='word_1_707' title='bbox 2420 4308 2529 4362; x_wconf 90' lang='lat' dir='ltr'><strong>erit</strong></span> <span class='ocrx_word' id='word_1_708' title='bbox 2554 4306 2841 4379; x_wconf 90' lang='lat' dir='ltr'><strong>concipere</strong></span> <span class='ocrx_word' id='word_1_709' title='bbox 2872 4312 3155 4378; x_wconf 86' lang='lat' dir='ltr'><strong>tamquam</strong></span> <span class='ocrx_word' id='word_1_710' title='bbox 3185 4306 3395 4378; x_wconf 89' lang='lat' dir='ltr'><strong>aliquid</strong></span> <span class='ocrx_word' id='word_1_711' title='bbox 3416 4307 3619 4362; x_wconf 87' lang='lat' dir='ltr'><strong>absolu-</strong></span> 
     </span>
     <span class='ocr_line' id='line_1_96' title="bbox 2043 4392 3619 4466; baseline -0.001 -17"><span class='ocrx_word' id='word_1_712' title='bbox 2043 4400 2179 4450; x_wconf 89' lang='lat' dir='ltr'><strong>tum.</strong></span> <span class='ocrx_word' id='word_1_713' title='bbox 2266 4395 2459 4465; x_wconf 80' lang='lat' dir='ltr'><strong>Itaque</strong></span> <span class='ocrx_word' id='word_1_714' title='bbox 2480 4393 2633 4466; x_wconf 87' lang='lat' dir='ltr'><strong>jam,</strong></span> <span class='ocrx_word' id='word_1_715' title='bbox 2662 4393 2859 4466; x_wconf 87' lang='lat' dir='ltr'><strong>credo,</strong></span> <span class='ocrx_word' id='word_1_716' title='bbox 2890 4410 3004 4450; x_wconf 91' lang='lat' dir='ltr'><strong>non</strong></span> <span class='ocrx_word' id='word_1_717' title='bbox 3034 4393 3427 4466; x_wconf 80' lang='lat' dir='ltr'><strong>pugnabimus,</strong></span> <span class='ocrx_word' id='word_1_718' title='bbox 3466 4392 3619 4448; x_wconf 86' lang='lat' dir='ltr'><strong>modo</strong></span> 
     </span>
     <span class='ocr_line' id='line_1_97' title="bbox 2044 4479 3619 4553; baseline -0.001 -17"><span class='ocrx_word' id='word_1_719' title='bbox 2044 4481 2313 4538; x_wconf 86' lang='lat' dir='ltr'><strong>monades</strong></span> <span class='ocrx_word' id='word_1_720' title='bbox 2352 4481 2649 4538; x_wconf 84' lang='lat' dir='ltr'><strong>mutationi</strong></span> <span class='ocrx_word' id='word_1_721' title='bbox 2686 4480 2771 4536; x_wconf 92' lang='lat' dir='ltr'><strong>illi</strong></span> <span class='ocrx_word' id='word_1_722' title='bbox 2812 4479 3151 4536; x_wconf 77' lang='lat' dir='ltr'><strong>substantiae</strong></span> <span class='ocrx_word' id='word_1_723' title='bbox 3178 4481 3421 4553; x_wconf 83' lang='lat' dir='ltr'><strong>corporis</strong></span> <span class='ocrx_word' id='word_1_724' title='bbox 3448 4495 3619 4552; x_wconf 86' lang='lat' dir='ltr'><strong>super-</strong></span> 
     </span>
     <span class='ocr_line' id='line_1_98' title="bbox 2044 4567 3620 4640; baseline -0.001 -18"><span class='ocrx_word' id='word_1_725' title='bbox 2044 4568 2281 4624; x_wconf 87' lang='lat' dir='ltr'><strong>naturali</strong></span> <span class='ocrx_word' id='word_1_726' title='bbox 2308 4583 2423 4622; x_wconf 89' lang='lat' dir='ltr'><strong>non</strong></span> <span class='ocrx_word' id='word_1_727' title='bbox 2450 4567 2705 4624; x_wconf 80' lang='lat' dir='ltr'><strong>involvas</strong></span> <span class='ocrx_word' id='word_1_728' title='bbox 2719 4607 2736 4640; x_wconf 93' lang='lat'><strong>,</strong></span> <span class='ocrx_word' id='word_1_729' title='bbox 2778 4570 2995 4639; x_wconf 78' lang='lat' dir='ltr'><strong>praeter</strong></span> <span class='ocrx_word' id='word_1_730' title='bbox 3034 4568 3203 4627; x_wconf 84' lang='lat' dir='ltr'><strong>ullam</strong></span> <span class='ocrx_word' id='word_1_731' title='bbox 3240 4567 3620 4640; x_wconf 72' lang='lat' dir='ltr'><strong>necessitatem,</strong></span> 
     </span>
     <span class='ocr_line' id='line_1_99' title="bbox 2044 4653 3619 4727; baseline -0.001 -17"><span class='ocrx_word' id='word_1_732' title='bbox 2044 4671 2171 4710; x_wconf 89' lang='lat' dir='ltr'><strong>cum</strong></span> <span class='ocrx_word' id='word_1_733' title='bbox 2203 4670 2289 4726; x_wconf 88' lang='lat' dir='ltr'><strong>ea,</strong></span> <span class='ocrx_word' id='word_1_734' title='bbox 2320 4659 2385 4710; x_wconf 89' lang='lat' dir='ltr'><strong>ut</strong></span> <span class='ocrx_word' id='word_1_735' title='bbox 2410 4654 2551 4727; x_wconf 85' lang='lat' dir='ltr'><strong>dixi,</strong></span> <span class='ocrx_word' id='word_1_736' title='bbox 2582 4669 2699 4710; x_wconf 87' lang='lat' dir='ltr'><strong>non</strong></span> <span class='ocrx_word' id='word_1_737' title='bbox 2726 4653 3124 4725; x_wconf 82' lang='lat' dir='ltr'><strong>ingrediantur.</strong></span> <span class='ocrx_word' id='word_1_738' title='bbox 3215 4653 3331 4712; x_wconf 89' lang='lat' dir='ltr'><strong>Ubi</strong></span> <span class='ocrx_word' id='word_1_739' title='bbox 3356 4653 3517 4710; x_wconf 84' lang='lat' dir='ltr'><strong>etiam</strong></span> <span class='ocrx_word' id='word_1_740' title='bbox 3542 4671 3619 4709; x_wconf 85' lang='lat' dir='ltr'><strong>se-</strong></span> 
     </span>
    </p>
   </div>
   <div class='ocr_carea' id='block_1_24' title="bbox 2044 4739 3688 4812">
    <p class='ocr_par' dir='ltr' id='par_1_24' title="bbox 2044 4739 3688 4812">
     <span class='ocr_line' id='line_1_100' title="bbox 2044 4739 3688 4812; baseline 0 -16"><span class='ocrx_word' id='word_1_741' title='bbox 2044 4740 2287 4796; x_wconf 87' lang='lat' dir='ltr'><strong>cundum</strong></span> <span class='ocrx_word' id='word_1_742' title='bbox 2315 4757 2415 4797; x_wconf 83' lang='lat' dir='ltr'><strong>vos</strong></span> <span class='ocrx_word' id='word_1_743' title='bbox 2444 4741 2627 4812; x_wconf 84' lang='lat' dir='ltr'><strong>ipsos,</strong></span> <span class='ocrx_word' id='word_1_744' title='bbox 2670 4740 2858 4796; x_wconf 89' lang='lat' dir='ltr'><strong>anima</strong></span> <span class='ocrx_word' id='word_1_745' title='bbox 2887 4741 3090 4797; x_wconf 85' lang='lat' dir='ltr'><strong>Christi</strong></span> <span class='ocrx_word' id='word_1_746' title='bbox 3118 4740 3181 4794; x_wconf 90' lang='lat' dir='ltr'><strong>in</strong></span> <span class='ocrx_word' id='word_1_747' title='bbox 3206 4739 3619 4796; x_wconf 82' lang='lat' dir='ltr'><strong>Transsubstan-</strong></span> <span class='ocrx_word' id='word_1_748' title='bbox 3687 4747 3688 4752; x_wconf 77' lang='grc'>’</span> 
     </span>
    </p>
   </div>
   <div class='ocr_carea' id='block_1_25' title="bbox 2042 4826 3619 4986">
    <p class='ocr_par' dir='ltr' id='par_1_25' title="bbox 2042 4826 3619 4986">
     <span class='ocr_line' id='line_1_101' title="bbox 2044 4826 3619 4900; baseline 0.001 -17"><span class='ocrx_word' id='word_1_749' title='bbox 2044 4827 2277 4884; x_wconf 78' lang='lat' dir='ltr'><strong>tiatione</strong></span> <span class='ocrx_word' id='word_1_750' title='bbox 2324 4843 2440 4884; x_wconf 89' lang='lat' dir='ltr'><strong>non</strong></span> <span class='ocrx_word' id='word_1_751' title='bbox 2490 4831 2766 4900; x_wconf 81' lang='lat' dir='ltr'><strong>mutatur,</strong></span> <span class='ocrx_word' id='word_1_752' title='bbox 2816 4843 2919 4884; x_wconf 89' lang='lat' dir='ltr'><strong>nec</strong></span> <span class='ocrx_word' id='word_1_753' title='bbox 2956 4826 3197 4886; x_wconf 74' lang='lat' dir='ltr'><strong>succedit</strong></span> <span class='ocrx_word' id='word_1_754' title='bbox 3230 4827 3293 4882; x_wconf 91' lang='lat' dir='ltr'><strong>in</strong></span> <span class='ocrx_word' id='word_1_755' title='bbox 3328 4826 3619 4884; x_wconf 81' lang='lat' dir='ltr'><strong>substantia</strong></span> 
     </span>
     <span class='ocr_line' id='line_1_102' title="bbox 2042 4913 3617 4986; baseline -0.001 -17"><span class='ocrx_word' id='word_1_756' title='bbox 2042 4915 2202 4986; x_wconf 83' lang='lat' dir='ltr'><strong>panis</strong></span> <span class='ocrx_word' id='word_1_757' title='bbox 2245 4915 2447 4972; x_wconf 85' lang='lat' dir='ltr'><strong>locum.</strong></span> <span class='ocrx_word' id='word_1_758' title='bbox 2536 4915 2693 4972; x_wconf 81' lang='lat' dir='ltr'><strong>ldem</strong></span> <span class='ocrx_word' id='word_1_759' title='bbox 2732 4913 2971 4974; x_wconf 81' lang='lat' dir='ltr'><strong>dixerim</strong></span> <span class='ocrx_word' id='word_1_760' title='bbox 3012 4915 3083 4970; x_wconf 85' lang='lat' dir='ltr'><strong>‹le</strong></span> <span class='ocrx_word' id='word_1_761' title='bbox 3132 4915 3363 4972; x_wconf 83' lang='lat' dir='ltr'><strong>caeteris</strong></span> <span class='ocrx_word' id='word_1_762' title='bbox 3410 4914 3617 4970; x_wconf 77' lang='lat' dir='ltr'><strong>sanctis-</strong></span> 
     </span>
    </p>
   </div>
   <div class='ocr_carea' id='block_1_26' title="bbox 2044 4999 3688 5078">
    <p class='ocr_par' dir='ltr' id='par_1_26' title="bbox 2044 4999 3688 5078">
     <span class='ocr_line' id='line_1_103' title="bbox 2044 4999 3688 5078; baseline 0.003 -20"><span class='ocrx_word' id='word_1_763' title='bbox 2044 5001 2173 5060; x_wconf 85' lang='lat' dir='ltr'><strong>simi</strong></span> <span class='ocrx_word' id='word_1_764' title='bbox 2200 5003 2450 5077; x_wconf 68' lang='lat' dir='ltr'><strong>corporis</strong></span> <span class='ocrx_word' id='word_1_765' title='bbox 2479 4999 2827 5060; x_wconf 82' lang='lat' dir='ltr'><strong>monadibus.</strong></span> <span class='ocrx_word' id='word_1_766' title='bbox 2916 5001 3179 5076; x_wconf 86' lang='lat' dir='ltr'><strong>Interim,</strong></span> <span class='ocrx_word' id='word_1_767' title='bbox 3220 5004 3287 5063; x_wconf 82' lang='lat' dir='ltr'><strong>nt</strong></span> <span class='ocrx_word' id='word_1_768' title='bbox 3326 5015 3513 5060; x_wconf 63' lang='grc' dir='ltr'><strong>κω</strong></span> <span class='ocrx_word' id='word_1_769' title='bbox 3544 4999 3615 5058; x_wconf 73' lang='lat' dir='ltr'><strong>‹li-</strong></span> <span class='ocrx_word' id='word_1_770' title='bbox 3687 5075 3688 5078; x_wconf 63' lang='lat'><strong>,</strong></span> 
     </span>
    </p>
   </div>
   <div class='ocr_carea' id='block_1_27' title="bbox 3687 5115 3688 5827">
    <p class='ocr_par' dir='ltr' id='par_1_27' title="bbox 3687 5115 3688 5827">
     <span class='ocr_line' id='line_1_104' title="bbox 3687 5115 3688 5827; baseline 0 0"><span class='ocrx_word' id='word_1_771' title='bbox 3687 5115 3688 5827; x_wconf 95' lang='lat' dir='ltr'><strong> </strong></span> 
     </span>
    </p>
   </div>
  </div>
 </body>
</html>
