3717 5850
1162 349 1234 408 11.
1295 345 1398 408 DE
1436 351 1638 409 ARTE
1679 351 2259 411 coMBINATomA.
3252 344 3335 416 41

183 497 432 566 tempora
472 507 641 566 pono.
713 491 857 548 Nam
896 491 1168 566 perfide
1216 507 1329 549 una
1380 509 1494 550 vox
1545 498 1658 566 εἰς

109 583 168 638 19
185 582 377 654 queis
405 597 532 653 ego
558 581 618 636 in
645 581 780 636 duas
803 581 1034 654 discerpi
1055 586 1252 653 potest.
1283 583 1461 638 Venio
1479 583 1554 638 ad
1575 583 1661 638 in-

185 671 466 743 geniosum
488 669 1036 726 illmnBernhardi
1066 671 1394 727 Bauhusii
1419 671 1660 728 Joeuitae

182 759 554 831 lovaniensiS,
585 759 681 831 qui
711 759 853 814 inter
874 758 1284 832 Epigrammata
1307 759 1425 828 ejus
1447 765 1656 834 exstat3

181 853 344 920 utque
370 847 640 921 superior,
671 864 724 902 v.
753 847 937 921 probl.
973 848 1028 901 4.
1073 848 1142 904 de
1181 847 1412 923 Christe,
1451 849 1534 906 ita
1570 849 1658 906 hic

181 939 244 994 de
269 937 496 992 Maria
525 941 635 992 aet:

261 1027 373 1081 Tot
398 1025 509 1082 tibi
537 1029 668 1081 sunt
693 1025 850 1082 dotes
879 1025 1050 1100 virge,
1073 1031 1211 1098 quot
1237 1024 1420 1082 sidera
1439 1027 1609 1082 coeIO.

180 1115 418 1187 Dignum
445 1115 592 1170 hunc
619 1114 880 1187 peculiari
908 1131 1078 1187 opera
1104 1133 1222 1171 eme
1251 1114 1414 1170 duxit
1441 1115 1527 1170 vir
1555 1117 1653 1172 do-

181 1204 448 1259 ctissimus
485 1203 776 1273 Erycius
823 1203 1172 1259 Puteanus
1222 1203 1438 1276 libello,
1487 1221 1650 1277 quem

180 1293 554 1348 Thaumata
579 1292 884 1348 Pietatis
911 1292 1199 1366 inscripsit,
1239 1293 1387 1350 edito
1415 1293 1651 1349 Antver·

181 1381 298 1455 piae
337 1397 490 1437 anno
539 1381 724 1436 1617.
763 1383 942 1437 forma
986 1383 1100 1437 4ta.
1129 1381 1356 1454 eiusque
1391 1382 1650 1438 variatio-

181 1487 268 1525 nes
298 1470 468 1526 utiles
497 1485 688 1526 omnoe
716 1475 1000 1526 enumerat
1037 1487 1073 1525 a
1110 1487 1234 1543 pag.
1269 1471 1322 1524 3.
1365 1487 1536 1543 usque
1573 1471 1646 1526 ad

182 1560 276 1616 50.
333 1558 627 1632 inclusive,
679 1574 814 1631 quas
855 1563 1034 1631 autor,
1073 1559 1178 1615 etsi
1217 1559 1434 1632 longius
1473 1559 1647 1633 porri-

178 1653 386 1720 gantur,
417 1648 566 1704 intra
591 1648 860 1704 cancellos
887 1648 1102 1703 numeri
1139 1649 1166 1703 1
1179 1648 1325 1703 022.
1353 1648 1642 1721 continuit,

177 1743 286 1792 tum
311 1737 467 1809 quod
495 1737 728 1794 totidem
755 1738 924 1809 vulgo
943 1737 1126 1792 stellas
1143 1743 1438 1794 numerant
1456 1739 1646 1794 Astro-

177 1826 338 1900 nomi,
373 1825 550 1900 ipsius
578 1831 764 1882 autem
790 1826 1102 1882 institutum
1129 1832 1212 1882 est
1239 1827 1524 1883 ostendere
1551 1827 1648 1882 do-

177 1921 253 1971 tes
277 1931 398 1970 non
423 1931 544 1971 eaee
583 1915 862 1988 pauciores
903 1931 1070 1987 quam
1106 1916 1296 1972 stellae
1334 1919 1487 1988 sunt,
1527 1919 1646 1972 tum

177 2004 314 2076 quod
341 2004 520 2059 nimia
549 2005 944 2078 propemodum
976 2020 1106 2060 cura
1143 2020 1334 2061 omncs
1373 2004 1500 2060 illos
1535 2005 1647 2060 evi-

177 2092 322 2164 tavit,
354 2093 452 2164 qui
483 2092 662 2149 dicere
687 2093 959 2165 videntur,
991 2096 1076 2148 tot
1101 2093 1281 2150 sidera
1307 2094 1479 2168 coelo,
1512 2097 1648 2168 quot

175 2181 437 2238 Mariae
476 2181 634 2237 dotes
673 2199 808 2256 esse,
848 2197 982 2237 nam
1019 2181 1286 2238 Mariae
1327 2183 1482 2239 dotes
1529 2201 1645 2238 esse

173 2271 348 2326 multo
377 2271 580 2342 plures-
668 2271 776 2326 Eas
803 2269 970 2343 igitur
995 2271 1331 2328 variationes
1359 2271 1408 2328 si
1437 2288 1645 2328 assum-

173 2359 348 2432 sisset,
383 2356 462 2427 (V.
493 2377 543 2432 g.
573 2360 722 2424 Quot
753 2359 852 2416 tibi
885 2364 1015 2415 sunt
1044 2360 1200 2415 dotes
1229 2359 1402 2432 virgO,
1447 2364 1533 2416 tot
1574 2360 1646 2415 si-

173 2449 296 2504 dera
323 2444 518 2519 coelo)
549 2448 797 2520 totidem,
827 2465 1025 2522 nempe
1072 2447 1258 2504 1022.
1288 2449 1428 2505 alios
1455 2465 1646 2505 versus

173 2536 427 2610 ponendo
465 2541 575 2593 tot
611 2553 712 2610 pro
750 2541 942 2609 quot,
987 2543 1044 2593 et
1084 2542 1302 2610 contra,
1344 2554 1646 2594 emersuros

172 2626 332 2681 fuisse
361 2625 710 2682 manifestum
739 2630 838 2682 est.
909 2627 1030 2681 Hoc
1057 2641 1186 2682 vero
1208 2626 1376 2683 etiam
1405 2626 1466 2681 in
1494 2644 1648 2700 prae-

172 2716 379 2770 fatione
416 2715 763 2770 Puteanus
801 2719 1034 2771 annotat
1071 2731 1191 2788 pag.
1232 2715 1326 2771 12.
1371 2715 1648 2774 interdum

172 2819 280 2859 non
309 2805 492 2860 sidera
519 2808 753 2876 tantum,
778 2804 952 2860 sedet
971 2803 1127 2860 dotes
1155 2804 1311 2860 coclo
1330 2805 1642 2879 adhaerere,

173 2897 230 2949 nt
252 2893 518 2950 coelestes
545 2909 664 2951 esse
693 2893 1075 2967 intelligamuS,
1106 2909 1156 2948 v.
1172 2911 1222 2966 g.

251 2984 366 3038 Tot
394 2982 498 3039 tibi
528 2988 658 3038 sunt
684 2982 838 3039 coelo
865 2982 1038 3055 doteS,
1061 2988 1196 3055 quot
1215 2982 1396 3039 sidera
1419 2982 1588 3055 virgo.

175 3071 458 3127 Praeterea
498 3072 570 3127 ad
611 3071 974 3127 variationem
1013 3071 1247 3128 multum
1287 3071 1442 3144 facit,
1495 3072 1646 3144 quod

174 3160 394 3219 ultimae
421 3160 482 3215 in
511 3160 748 3233 virge,
789 3164 846 3217 et
874 3160 1036 3217 Tibi
1064 3160 1309 3233 ambigui
1337 3160 1496 3233 quasi
1523 3178 1645 3217 cen-

175 3265 258 3302 sus
284 3254 342 3305 et
367 3248 574 3321 corripi
613 3253 669 3305 et
706 3249 930 3322 produci
972 3249 1284 3322 patiuntur,
1326 3250 1474 3322 quod
1514 3250 1644 3306 arti-

175 3337 344 3393 ficium
375 3354 594 3410 quoque
631 3338 774 3393 infra
803 3338 864 3393 in
901 3331 1284 3394 Daumiano
1323 3337 1422 3394 illo
1461 3338 1643 3411 singu-

91 3418 159 3472 20
178 3426 270 3481 lari
297 3426 735 3484 observabimus,
794 3427 1050 3483 Meminit
1079 3444 1242 3499 porro
1275 3428 1644 3483 Thaumatum

177 3530 390 3571 suorum
421 3519 480 3571 et
507 3516 691 3571 Protei
720 3516 1049 3571 Bauhusiani
1078 3514 1366 3588 aliquoties
1405 3516 1644 3571 Putea-

177 3620 290 3659 nus
327 3604 390 3659 in
433 3608 728 3677 apparatus
767 3605 1122 3677 epistolarum
1158 3610 1298 3660 cent.
1327 3606 1369 3660 Ι.
1412 3622 1494 3678 ep.
1541 3607 1640 3660 49.

178 3697 228 3747 et
283 3693 380 3749 57.
431 3693 504 3748 ad
555 3693 958 3749 Gisbertum
1008 3692 1428 3749 Bauhusium
1487 3694 1644 3750 Ber-

179 3782 366 3838 nardi
413 3782 669 3853 Patrem,
729 3784 855 3838 add.
914 3790 970 3838 et
1009 3800 1092 3855 cp.
1140 3784 1240 3838 51.
1274 3782 1374 3837 52.
1408 3782 1506 3836 53.
1543 3783 1642 3838 56.

183 3869 310 3926 ibid.
345 3871 658 3927 Editionem
698 3876 881 3927 autem
919 3872 1113 3927 harum
1160 3871 1516 3945 epistolarum
1551 3872 1645 3927 ha-
1693 3888 1697 3900 ·

185 3958 282 4015 beo
309 3960 362 4015 in
398 3960 492 4015 12.
556 3960 954 4017 Amstelodami
991 3976 1140 4016 amio
1188 3960 1372 4017 1647.
1413 3977 1544 4015 nam
1585 3961 1645 4017 in

178 4048 408 4105 editione
464 4048 820 4121 epistolarum
877 4050 936 4105 in
993 4050 1093 4104 4to
1143 4048 1274 4122 quia
1317 4048 1440 4117 jam
1495 4066 1644 4105 anno

93 4129 154 4183 21
189 4136 362 4193 1612.
407 4138 632 4210 prodiit,
664 4141 864 4194 frustra
893 4155 1132 4211 quaeres
1186 4138 1472 4194 Caeterum
1501 4140 1536 4193 J
1547 4140 1643 4194 oh.

177 4224 358 4297 Bapt.
385 4226 670 4282 Rieciol.
719 4227 936 4299 Almag.
967 4244 1092 4282 noV.
1123 4228 1183 4281 P.
1225 4228 1273 4282 1.
1304 4226 1396 4281 lib.
1435 4228 1490 4282 6.
1513 4245 1558 4283 c.
1587 4230 1641 4282 6.

177 4314 333 4369 schol.
380 4316 432 4370 1.
473 4318 512 4369 f.
562 4316 702 4371 413.
745 4321 965 4390 peccato
994 4312 1401 4387 ,uvffiuoqui'
1444 4317 1644 4372 Versus
1691 4260 1698 4363 i

1760 495 2089 552 Bauhusiani
2128 497 2437 553 Puteanum
2487 505 2737 557 autorem
2775 501 3111 574 mendicavit
3148 500 3231 558 his

1759 585 1966 640 verbis:
2012 587 2344 658 quoniam
2372 603 2531 643 vero
2568 595 2763 644 vetus
2798 596 2951 648 erat
2988 591 3229 664 opinio

1758 689 1794 728 a
1813 674 2129 730 Ptolemaeo
2158 691 2371 747 usque
2398 684 2808 751 propagata,
2831 681 3073 737 stellas
3101 697 3231 737 om-

1759 778 1877 818 nes
1907 780 2054 818 esse
2104 763 2287 819 1022.
2358 764 2585 834 Erycius
2626 767 2901 824 Puteanus
2940 768 3227 842 pictatis

1757 854 1824 907 et
1882 851 2154 924 ingenii
2214 853 2318 907 sui
2374 861 2879 911 monumentum
2922 859 3227 929 posteris

1755 939 2073 1014 reliquit,
2106 941 2234 997 illo
2270 943 2875 1000 artificiosissimo
2903 947 3224 1020 carmine,

1754 1028 1891 1084 Tot
1928 1030 2090 1102 tibi,
2130 1039 2251 1086 etc.
2280 1031 2375 1103 qui
2404 1035 2589 1088 tamen
2626 1049 2739 1089 non
2768 1037 2931 1089 autor
2956 1035 3053 1090 sed
3078 1053 3227 1091 com-

1752 1121 2046 1191 mentator,
2076 1120 2593 1194 commendatorque
2632 1126 2733 1179 est.
2802 1123 3056 1194 Denique.
3076 1123 3227 1178 simi·
3245 1131 3326 1187 22

1751 1207 1863 1262 lem
1900 1224 2123 1280 prorsus
2163 1225 2381 1265 versum
2409 1210 2468 1265 in
2492 1210 2776 1283 Ovidio,
2806 1211 3079 1268 levissima
3108 1228 3227 1268 mu·

1751 1295 1964 1352 tatione
1992 1297 2401 1354 observavimus
2428 1299 2587 1373 hunc,
2619 1301 2844 1357 Metam.
2875 1301 3005 1356 XII.
3035 1303 3145 1358 fab.
3168 1301 3225 1358 7.

1749 1385 1995 1440 v.594:

1833 1473 1945 1530 Det
2002 1474 2137 1530 mihi
2195 1493 2279 1548 se,
2350 1478 2485 1533 faxo
2552 1476 2757 1552 triplici
2812 1477 2947 1550 quid
3002 1477 3227 1552 cuspide

2385 1555 2390 1561 ’
2694 1566 2901 1640 possim

1835 1649 2047 1706 Sentiat
2075 1656 2175 1706 cte.
2235 1652 2289 1706 Is
2316 1653 2443 1709 talis
2472 1653 2591 1709 fiet:

1833 1739 1947 1795 Det
1966 1738 2128 1794 mihi
2159 1757 2219 1794 se
2246 1742 2275 1794 f
2280 1757 2409 1797 axo
2440 1742 2587 1798 trina
2606 1742 2739 1815 quid
2758 1745 2979 1817 cuspide
3000 1746 3221 1818 possim.

1747 1827 1891 1883 Nam
1921 1829 2091 1883 etiam
2120 1827 2315 1884 ultima
2342 1829 2401 1884 in
2430 1831 2594 1886 mihi
2624 1835 2681 1887 et
2708 1834 2875 1889 faxo
2902 1851 3101 1908 anceps
3122 1841 3221 1891 eat.
3242 1837 3323 1894 23

1748 1917 1945 1972 Exstat
1994 1917 2053 1972 in
2104 1917 2299 1972 eodem
2349 1935 2545 1990 genere
2585 1921 2824 1993 Georg.
2866 1922 3224 1997 Kleppisii

1745 2005 2007 2062 nostratis
2035 2007 2238 2062 Poetae
2280 2006 2509 2063 laureati
2537 2026 2725 2064 versus
2766 2009 2877 2065 bic:

1834 2095 1985 2151 Dant
2024 2094 2131 2150 tria
2160 2093 2284 2164 jam
2312 2095 2570 2172 Droedae,
2614 2115 2713 2154 ceu
2747 2099 2832 2154 sol
2870 2099 2985 2171 dat,
3015 2100 3225 2157 lumina

2695 2187 2888 2244 lucem.

1745 2270 1901 2339 cujus
1959 2272 2289 2330 variationes
2356 2273 2619 2346 peculiari
2676 2275 2819 2332 libro
2884 2278 3225 2335 enumeravit

1756 2360 1832 2416 16
1846 2361 1873 2415 1
1886 2359 1952 2415 7:
1994 2362 2335 2418 occasionem
2374 2364 2573 2420 dedere
2611 2368 2722 2420 tres
2760 2366 2902 2422 soles
2942 2365 3037 2438 qui
3075 2383 3224 2423 anno

1758 2449 1941 2506 1617.
1980 2449 2042 2504 in
2080 2450 2237 2507 coelo
2278 2453 2503 2524 fulsere,
2544 2467 2655 2524 quo
2696 2457 2941 2527 tempore
2982 2455 3224 2512 Drosdae

1747 2543 2119 2597 convenerant
2165 2543 2275 2596 troe
2326 2542 2469 2596 soles
2520 2545 2801 2598 terrestres
2839 2561 2911 2600 ex
2932 2543 3223 2600 Austriaca

1749 2628 1943 2684 domo:
1985 2628 2319 2684 Matthias
2360 2629 2692 2705 Imperator,
2737 2632 3223 2690 Ferdinandus

1747 2717 1871 2772 Rex
1908 2717 2219 2790 Bohemiae,
2260 2722 2315 2774 et
2355 2719 2883 2778 Maximilianus
2921 2721 3221 2795 Archiduit,

1745 2821 2031 2878 supremus
2060 2807 2269 2862 ordinis
2296 2806 2585 2864 Teutonici
2614 2809 2892 2880 Magister.
2949 2811 3223 2867 Libellum

1747 2894 1856 2951 illis
1902 2894 2211 2952 dedicatum
2240 2895 2403 2953 titulo
2425 2898 2610 2954 Protei
2630 2899 2830 2971 poetici
2852 2899 3047 2957 eodem
3073 2916 3223 2957 anno

1747 2984 1937 3057 edidit,
1968 3001 2131 3057 quem
2160 2986 2530 3043 variationum
2558 3004 2816 3044 numerus
2838 2990 3033 3062 signat.
3093 2990 3222 3045 Om-
3243 2982 3319 3038 24

1745 3073 1882 3129 nino
1910 3090 2042 3128 vero
2083 3075 2265 3147 plures
2307 3082 2435 3131 sunt
2474 3076 2803 3133 variationes
2832 3094 2998 3150 quam
3036 3078 3221 3135 1617.

1745 3163 1893 3235 quod
1934 3162 2053 3235 ipse
2091 3163 2255 3221 tacite
2294 3166 2580 3221 confitetur
2630 3170 2793 3223 autor
2843 3167 2975 3222 dum
3014 3167 3075 3223 in
3116 3168 3225 3223 fine

1745 3252 1889 3307 inter
1918 3255 2098 3307 errata
2125 3252 2207 3308 ita
2235 3270 2295 3307 se
2332 3255 2668 3326 praemunit:
2710 3256 2826 3311 fieri
2869 3257 3129 3328 potuisse,
3159 3260 3224 3312 ut

1742 3341 1803 3395 in
1826 3344 1981 3396 tanta
1996 3341 2344 3397 multitudine
2353 3343 2591 3415 aliquem
2602 3344 2690 3399 bis
2700 3346 2959 3418 posuerit,
2971 3347 3223 3419 supplen-

1745 3428 1830 3483 dis
1851 3428 2021 3501 igitur
2039 3430 2250 3487 lacunis
2268 3448 2443 3488 novos
2464 3432 2675 3505 aliquot
2698 3434 2857 3507 ponit
2886 3450 3023 3506 quos
3044 3438 3223 3490 certus

1745 3518 1818 3573 sit
1859 3518 2107 3574 nondum
2144 3520 2415 3576 habuisse.
2484 3522 2601 3577 Nos
2641 3527 2702 3577 ut
2741 3522 2983 3595 aliquam
3022 3522 3222 3597 praxin

1744 3607 2125 3679 proximorum
2164 3610 2569 3681 problematum
2620 3611 3001 3683 exhibeamus,
3044 3612 3222 3667 varia-

1744 3695 1923 3751 tiones
1940 3712 2141 3750 ·omnes
2181 3698 2341 3751 utiles
2380 3700 2832 3770 computabimus.
2900 3702 2963 3756 Id
3003 3700 3083 3756 sic
3109 3701 3219 3773 fiet,

1745 3784 1792 3838 si
1821 3784 2161 3839 inveniemus
2204 3801 2395 3841 omncs
2424 3788 2659 3843 inutiles.
2728 3788 2923 3861 Capita
2964 3788 3223 3844 variatio·

1747 3889 1881 3927 num
1920 3873 2285 3944 expressimus
2325 3874 2471 3929 notis
2510 3878 2860 3948 quantitatiS,
2915 3877 2994 3932 sic
3034 3882 3221 3933 tamen

1747 3966 1808 4017 ut
1859 3977 1963 4034 pro
2012 3961 2152 4034 pluri
2161 3962 2259 4019 bus
2302 3964 2647 4036 transpositis
2696 3981 2867 4021 unum
2908 3964 3222 4021 assumseri-

1747 4067 1885 4123 mus,
1928 4068 1978 4105 v.
2008 4068 2059 4121 g.
2099 4080 2653 4131 ——.—-.——.0
2697 4089 2751 4131 ω
2788 4095 2799 4108 .
2840 4054 3009 4109 etiam
3047 4054 3221 4111 conti-

1745 4143 1840 4195 net
1866 4141 1992 4194 hoc:
2028 4166 2112 4178 —
2138 4182 2151 4194 .
2179 4172 2258 4181 -—-
2276 4168 2359 4180 --
2376 4182 2389 4194 .
2408 4168 2517 4197 —.
2542 4178 2596 4220 0
2641 4177 2695 4219 0
2747 4148 2848 4198 etc.
2880 4144 3100 4199 Punctis
3128 4143 3220 4199 de·-

1744 4229 2023 4298 signamus
2052 4234 2108 4283 et
2138 4230 2461 4285 includimus
2491 4248 2657 4286 unam
2688 4249 2891 4287 vocem.

896 4459 1122 4513 Suuuna
1148 4457 1411 4512 Omnium
1439 4458 1804 4513 variatiouum
1837 4459 2055 4514 utilium
2084 4464 2140 4513 et
2170 4458 2445 4517 inutilium
2960 4462 3217 4518 362880
3240 4464 3320 4524 25

1185 4548 1475 4618 Catalogus
1503 4547 1885 4603 variationum
1914 4547 2206 4603 inutilium.
2905 4582 3217 4593 κύῃ-α-

226 4669 275 4722 l.
315 4704 368 4747 Q
431 4705 488 4748 0
515 4688 662 4745 .v.g.
694 4670 834 4726 tria
864 4670 997 4725 dant
1020 4668 1140 4738 jam
1173 4670 1411 4727 Dresdae
1439 4688 1536 4727 ceu
1569 4672 1648 4725 sol
1683 4673 1778 4727 dat
1807 4672 2015 4727 lumina
2047 4671 2235 4727 lucem.
3005 4675 3216 4730 40320

219 4756 276 4811 2.
315 4779 368 4807 ·-·
431 4778 486 4805 =-·
514 4799 528 4813 .
552 4794 606 4837 0
641 4796 696 4838 0
722 4801 735 4813 .
767 4760 1074 4814 Dresdac
1104 4759 1241 4814 tria
1270 4760 1405 4815 dant
1426 4758 1546 4828 jam
1575 4779 1673 4816 ceu
1704 4761 1784 4815 sol
1818 4766 1916 4816 etc.
3010 4764 3217 4819 10080

221 4846 278 4899 3.
317 4846 1279 4925 -⁴L=-⁴.00.‹lantjamtria.
3010 4852 3216 4909 14400

224 4936 278 4988 4.
317 4957 368 4983 ι-ι
431 4955 838 5016 ''⁸‘·''''¹'·''''‘·0
873 4972 967 5015 ω.
999 4937 1308 4992 Dresdae
1337 4937 1666 5007 (lantjam
1697 4939 1845 4993 tria.
3002 4940 3215 4996 28800

225 5022 280 5079 5.
321 5046 372 5072 -e
434 5044 610 5079 ·-·.·-‹
673 5045 968 5103 “·0.D·
1001 5026 1550 5082 Dresdacluccm
1583 5027 1737 5083 tria.
3054 5030 3217 5084 1440

227 5113 281 5165 6.
318 5132 837 5191 '’⁴·'''⁴·'·⁴·'·‘·0
872 5113 1328 5191 0.(lantjam
1355 5116 1796 5171 ccusoltria.
2532 5184 2550 5197 ο
3046 5118 3215 5172 2880

233 5198 284 5251 7.
320 5221 370 5246 ..⁴
431 5221 488 5247 -ι
517 5220 607 5254 .-·
670 5220 954 5256 -1.-*.-·
983 5239 1070 5281 ,υ
1105 5238 1159 5279 ω
1189 5246 1198 5255 .
1231 5204 1533 5259 Dresdae
1565 5205 1781 5259 lucem
1809 5220 1925 5261 eeu
1956 5206 2062 5259 sol
2096 5206 2245 5260 tria.
3003 5204 3214 5264 2880ss
