<?xml version="1.0" encoding="UTF-8"?>
<!DOCTYPE html PUBLIC "-//W3C//DTD XHTML 1.0 Transitional//EN"
    "http://www.w3.org/TR/xhtml1/DTD/xhtml1-transitional.dtd">
<html xmlns="http://www.w3.org/1999/xhtml" xml:lang="en" lang="en">
 <head>
  <title>
</title>
<meta http-equiv="Content-Type" content="text/html;charset=utf-8" />
  <meta name='ocr-system' content='tesseract 3.04.00' />
  <meta name='ocr-capabilities' content='ocr_page ocr_carea ocr_par ocr_line ocrx_word'/>
</head>
<body>
  <div class='ocr_page' id='page_1' title='image "./godguilleibniti00erdmgoog_0047.png"; bbox 0 0 3717 5850; ppageno 0'>
   <div class='ocr_carea' id='block_1_1' title="bbox 1215 349 3355 416">
    <p class='ocr_par' dir='ltr' id='par_1_1' title="bbox 1215 349 3355 416">
     <span class='ocr_line' id='line_1_1' title="bbox 1215 349 3355 416; baseline 0.004 -8"><span class='ocrx_word' id='word_1_1' title='bbox 1215 351 1258 409; x_wconf 90' lang='lat'><strong>1.</strong></span> <span class='ocrx_word' id='word_1_2' title='bbox 1325 349 1428 408; x_wconf 86' lang='lat' dir='ltr'><strong>DE</strong></span> <span class='ocrx_word' id='word_1_3' title='bbox 1469 349 1834 410; x_wconf 85' lang='lat' dir='ltr'>PRINCIPIO</span> <span class='ocrx_word' id='word_1_4' title='bbox 1876 349 2257 412; x_wconf 84' lang='lat' dir='ltr'><strong>lNDlVIDUI.</strong></span> <span class='ocrx_word' id='word_1_5' title='bbox 3312 351 3355 416; x_wconf 85' lang='grc'>5</span> 
     </span>
    </p>
   </div>
   <div class='ocr_carea' id='block_1_2' title="bbox 33 490 1700 5283">
    <p class='ocr_par' dir='ltr' id='par_1_2' title="bbox 89 490 1700 1012">
     <span class='ocr_line' id='line_1_2' title="bbox 96 490 1700 566; baseline 0 -16"><span class='ocrx_word' id='word_1_6' title='bbox 96 495 420 566; x_wconf 65' lang='grc' dir='ltr'><strong>ἱειςῡηεω</strong></span> <span class='ocrx_word' id='word_1_7' title='bbox 463 509 582 550; x_wconf 87' lang='lat' dir='ltr'><strong>non</strong></span> <span class='ocrx_word' id='word_1_8' title='bbox 625 491 828 550; x_wconf 79' lang='lat' dir='ltr'><strong>differt.</strong></span> <span class='ocrx_word' id='word_1_9' title='bbox 895 490 1041 550; x_wconf 87' lang='lat' dir='ltr'><strong>Nam</strong></span> <span class='ocrx_word' id='word_1_10' title='bbox 1083 509 1256 566; x_wconf 73' lang='lat' dir='ltr'><strong>genius</strong></span> <span class='ocrx_word' id='word_1_11' title='bbox 1296 491 1372 550; x_wconf 91' lang='lat' dir='ltr'><strong>ad</strong></span> <span class='ocrx_word' id='word_1_12' title='bbox 1413 492 1700 566; x_wconf 64' lang='lat' dir='ltr'><strong>differem,</strong></span> 
     </span>
     <span class='ocr_line' id='line_1_3' title="bbox 95 581 1664 658; baseline -0.002 -18"><span class='ocrx_word' id='word_1_13' title='bbox 95 581 1664 658; x_wconf 77' lang='lat' dir='ltr'><strong>tiamsuamadditamhabetdifferentiamgenerissni,</strong></span> 
     </span>
     <span class='ocr_line' id='line_1_4' title="bbox 91 670 1670 746; baseline 0.003 -18"><span class='ocrx_word' id='word_1_14' title='bbox 91 689 212 746; x_wconf 85' lang='lat' dir='ltr'><strong>quae</strong></span> <span class='ocrx_word' id='word_1_15' title='bbox 251 676 313 727; x_wconf 87' lang='lat' dir='ltr'><strong>et</strong></span> <span class='ocrx_word' id='word_1_16' title='bbox 357 671 490 746; x_wconf 83' lang='lat' dir='ltr'><strong>ipsa</strong></span> <span class='ocrx_word' id='word_1_17' title='bbox 533 670 832 728; x_wconf 74' lang='lat' dir='ltr'><strong>ine-luditur</strong></span> <span class='ocrx_word' id='word_1_18' title='bbox 873 687 910 727; x_wconf 88' lang='lat' dir='ltr'><strong>a</strong></span> <span class='ocrx_word' id='word_1_19' title='bbox 953 687 1069 728; x_wconf 88' lang='lat' dir='ltr'><strong>sua.</strong></span> <span class='ocrx_word' id='word_1_20' title='bbox 1144 671 1218 728; x_wconf 85' lang='lat' dir='ltr'><strong>Et</strong></span> <span class='ocrx_word' id='word_1_21' title='bbox 1259 671 1339 728; x_wconf 82' lang='lat' dir='ltr'><strong>ita</strong></span> <span class='ocrx_word' id='word_1_22' title='bbox 1379 671 1453 728; x_wconf 83' lang='lat' dir='ltr'><strong>ad</strong></span> <span class='ocrx_word' id='word_1_23' title='bbox 1493 683 1670 744; x_wconf 68' lang='lat' dir='ltr'><strong>usque</strong></span> 
     </span>
     <span class='ocr_line' id='line_1_5' title="bbox 89 759 1671 836; baseline -0.001 -18"><span class='ocrx_word' id='word_1_24' title='bbox 89 777 366 818; x_wconf 80' lang='lat' dir='ltr'><strong>summum.</strong></span> <span class='ocrx_word' id='word_1_25' title='bbox 441 761 519 818; x_wconf 85' lang='lat' dir='ltr'><strong>Et</strong></span> <span class='ocrx_word' id='word_1_26' title='bbox 545 761 678 834; x_wconf 87' lang='lat' dir='ltr'><strong>quia</strong></span> <span class='ocrx_word' id='word_1_27' title='bbox 706 760 1008 833; x_wconf 74' lang='lat' dir='ltr'><strong>aliqtiando</strong></span> <span class='ocrx_word' id='word_1_28' title='bbox 1039 760 1344 818; x_wconf 79' lang='lat' dir='ltr'><strong>sistendum</strong></span> <span class='ocrx_word' id='word_1_29' title='bbox 1375 765 1480 836; x_wconf 85' lang='lat' dir='ltr'><strong>est,</strong></span> <span class='ocrx_word' id='word_1_30' title='bbox 1524 759 1671 816; x_wconf 81' lang='lat' dir='ltr'><strong>dixit</strong></span> 
     </span>
     <span class='ocr_line' id='line_1_6' title="bbox 89 848 1671 924; baseline 0.001 -18"><span class='ocrx_word' id='word_1_31' title='bbox 89 849 433 906; x_wconf 60' lang='lat' dir='ltr'><strong>Aristoteles:</strong></span> <span class='ocrx_word' id='word_1_32' title='bbox 487 851 604 906; x_wconf 88' lang='lat' dir='ltr'><strong>Ens</strong></span> <span class='ocrx_word' id='word_1_33' title='bbox 645 849 948 924; x_wconf 83' lang='lat' dir='ltr'><strong>praedieari</strong></span> <span class='ocrx_word' id='word_1_34' title='bbox 991 849 1062 906; x_wconf 88' lang='lat' dir='ltr'><strong>de</strong></span> <span class='ocrx_word' id='word_1_35' title='bbox 1103 849 1448 908; x_wconf 68' lang='lat' dir='ltr'><strong>differentiis.</strong></span> <span class='ocrx_word' id='word_1_36' title='bbox 1529 848 1671 906; x_wconf 84' lang='lat' dir='ltr'><strong>Vide</strong></span> 
     </span>
     <span class='ocr_line' id='line_1_7' title="bbox 90 937 1480 1012; baseline 0 -16"><span class='ocrx_word' id='word_1_37' title='bbox 90 940 344 1012; x_wconf 70' lang='lat' dir='ltr'><strong>quaedam</strong></span> <span class='ocrx_word' id='word_1_38' title='bbox 391 939 546 1012; x_wconf 85' lang='lat' dir='ltr'><strong>apud</strong></span> <span class='ocrx_word' id='word_1_39' title='bbox 585 937 868 995; x_wconf 87' lang='lat' dir='ltr'><strong>Soncin.</strong></span> <span class='ocrx_word' id='word_1_40' title='bbox 911 939 955 996; x_wconf 89' lang='lat'><strong>1.</strong></span> <span class='ocrx_word' id='word_1_41' title='bbox 985 938 1040 994; x_wconf 87' lang='lat'><strong>7.</strong></span> <span class='ocrx_word' id='word_1_42' title='bbox 1086 955 1140 1011; x_wconf 90' lang='lat' dir='ltr'><strong>q.</strong></span> <span class='ocrx_word' id='word_1_43' title='bbox 1168 939 1249 996; x_wconf 82' lang='grc'><strong>36</strong></span> <span class='ocrx_word' id='word_1_44' title='bbox 1279 943 1348 996; x_wconf 88' lang='lat' dir='ltr'><strong>et</strong></span> <span class='ocrx_word' id='word_1_45' title='bbox 1379 938 1480 996; x_wconf 82' lang='lat'><strong>37.</strong></span> 
     </span>
    </p>

    <p class='ocr_par' dir='ltr' id='par_1_3' title="bbox 85 1027 1672 2347">
     <span class='ocr_line' id='line_1_8' title="bbox 161 1027 1669 1098; baseline 0 -16"><span class='ocrx_word' id='word_1_46' title='bbox 161 1029 210 1098; x_wconf 60' lang='lat'><strong>§-</strong></span> <span class='ocrx_word' id='word_1_47' title='bbox 237 1028 336 1082; x_wconf 84' lang='lat'><strong>23.</strong></span> <span class='ocrx_word' id='word_1_48' title='bbox 411 1028 486 1084; x_wconf 90' lang='lat'><strong>11.</strong></span> <span class='ocrx_word' id='word_1_49' title='bbox 533 1028 594 1085; x_wconf 91' lang='lat' dir='ltr'><strong>Si</strong></span> <span class='ocrx_word' id='word_1_50' title='bbox 636 1043 754 1084; x_wconf 88' lang='lat' dir='ltr'><strong>non</strong></span> <span class='ocrx_word' id='word_1_51' title='bbox 795 1033 926 1084; x_wconf 88' lang='lat' dir='ltr'><strong>sunt</strong></span> <span class='ocrx_word' id='word_1_52' title='bbox 966 1027 1298 1086; x_wconf 81' lang='lat' dir='ltr'><strong>universalia</strong></span> <span class='ocrx_word' id='word_1_53' title='bbox 1340 1031 1473 1083; x_wconf 88' lang='lat' dir='ltr'><strong>ante</strong></span> <span class='ocrx_word' id='word_1_54' title='bbox 1516 1042 1669 1082; x_wconf 90' lang='lat' dir='ltr'><strong>men·</strong></span> 
     </span>
     <span class='ocr_line' id='line_1_9' title="bbox 89 1115 1672 1192; baseline 0 -20"><span class='ocrx_word' id='word_1_55' title='bbox 89 1119 150 1172; x_wconf 81' lang='lat' dir='ltr'><strong>tis</strong></span> <span class='ocrx_word' id='word_1_56' title='bbox 179 1117 586 1192; x_wconf 77' lang='lat' dir='ltr'><strong>operationem,</strong></span> <span class='ocrx_word' id='word_1_57' title='bbox 617 1133 736 1173; x_wconf 90' lang='lat' dir='ltr'><strong>non</strong></span> <span class='ocrx_word' id='word_1_58' title='bbox 772 1117 936 1174; x_wconf 87' lang='lat' dir='ltr'><strong>datur</strong></span> <span class='ocrx_word' id='word_1_59' title='bbox 965 1115 1296 1189; x_wconf 84' lang='lat' dir='ltr'><strong>eompositio</strong></span> <span class='ocrx_word' id='word_1_60' title='bbox 1317 1119 1446 1174; x_wconf 84' lang='lat' dir='ltr'><strong>ante</strong></span> <span class='ocrx_word' id='word_1_61' title='bbox 1463 1115 1672 1174; x_wconf 77' lang='lat' dir='ltr'><strong>mentis</strong></span> 
     </span>
     <span class='ocr_line' id='line_1_10' title="bbox 91 1204 1670 1279; baseline -0.001 -17"><span class='ocrx_word' id='word_1_62' title='bbox 91 1207 462 1279; x_wconf 74' lang='lat' dir='ltr'><strong>oper-ationem</strong></span> <span class='ocrx_word' id='word_1_63' title='bbox 505 1223 580 1264; x_wconf 83' lang='lat' dir='ltr'><strong>ex</strong></span> <span class='ocrx_word' id='word_1_64' title='bbox 621 1205 920 1263; x_wconf 67' lang='lat' dir='ltr'><strong>univoesali</strong></span> <span class='ocrx_word' id='word_1_65' title='bbox 969 1210 1027 1262; x_wconf 89' lang='lat' dir='ltr'><strong>et</strong></span> <span class='ocrx_word' id='word_1_66' title='bbox 1067 1205 1470 1262; x_wconf 76' lang='lat' dir='ltr'><strong>individuante.</strong></span> <span class='ocrx_word' id='word_1_67' title='bbox 1539 1204 1670 1260; x_wconf 90' lang='lat' dir='ltr'><strong>Non</strong></span> 
     </span>
     <span class='ocr_line' id='line_1_11' title="bbox 89 1292 1667 1369; baseline -0.003 -17"><span class='ocrx_word' id='word_1_68' title='bbox 89 1300 160 1352; x_wconf 59' lang='lat' dir='ltr'><strong>(st</strong></span> <span class='ocrx_word' id='word_1_69' title='bbox 183 1295 334 1350; x_wconf 85' lang='lat' dir='ltr'><strong>enim</strong></span> <span class='ocrx_word' id='word_1_70' title='bbox 369 1296 542 1352; x_wconf 81' lang='lat' dir='ltr'><strong>realis</strong></span> <span class='ocrx_word' id='word_1_71' title='bbox 575 1295 924 1369; x_wconf 85' lang='lat' dir='ltr'><strong>eompositio,</strong></span> <span class='ocrx_word' id='word_1_72' title='bbox 960 1293 1116 1366; x_wconf 73' lang='lat' dir='ltr'><strong>euius</strong></span> <span class='ocrx_word' id='word_1_73' title='bbox 1149 1310 1266 1350; x_wconf 86' lang='lat' dir='ltr'><strong>non</strong></span> <span class='ocrx_word' id='word_1_74' title='bbox 1287 1292 1476 1350; x_wconf 88' lang='lat' dir='ltr'><strong>omnia</strong></span> <span class='ocrx_word' id='word_1_75' title='bbox 1495 1309 1667 1350; x_wconf 88' lang='lat' dir='ltr'><strong>mem·</strong></span> 
     </span>
     <span class='ocr_line' id='line_1_12' title="bbox 91 1382 1666 1457; baseline -0.003 -17"><span class='ocrx_word' id='word_1_76' title='bbox 91 1385 330 1440; x_wconf 75' lang='lat' dir='ltr'><strong>brasint</strong></span> <span class='ocrx_word' id='word_1_77' title='bbox 389 1384 583 1441; x_wconf 84' lang='lat' dir='ltr'><strong>realia.</strong></span> <span class='ocrx_word' id='word_1_78' title='bbox 672 1383 780 1440; x_wconf 92' lang='lat' dir='ltr'><strong>Sed</strong></span> <span class='ocrx_word' id='word_1_79' title='bbox 831 1399 1025 1440; x_wconf 84' lang='lat' dir='ltr'><strong>verum</strong></span> <span class='ocrx_word' id='word_1_80' title='bbox 1076 1383 1256 1457; x_wconf 85' lang='lat' dir='ltr'><strong>prius:</strong></span> <span class='ocrx_word' id='word_1_81' title='bbox 1302 1382 1666 1440; x_wconf 73' lang='lat' dir='ltr'><strong>E—Min.</strong></span> 
     </span>
     <span class='ocr_line' id='line_1_13' title="bbox 89 1471 1667 1547; baseline -0.001 -18"><span class='ocrx_word' id='word_1_82' title='bbox 89 1473 249 1547; x_wconf 54' lang='lat' dir='ltr'><strong>proba</strong></span> <span class='ocrx_word' id='word_1_83' title='bbox 295 1474 492 1529; x_wconf 89' lang='lat' dir='ltr'><strong>Omne</strong></span> <span class='ocrx_word' id='word_1_84' title='bbox 534 1473 684 1546; x_wconf 91' lang='lat' dir='ltr'><strong>quod</strong></span> <span class='ocrx_word' id='word_1_85' title='bbox 725 1477 856 1529; x_wconf 84' lang='lat' dir='ltr'><strong>ante</strong></span> <span class='ocrx_word' id='word_1_86' title='bbox 884 1472 1086 1529; x_wconf 83' lang='lat' dir='ltr'><strong>mentis</strong></span> <span class='ocrx_word' id='word_1_87' title='bbox 1127 1471 1504 1546; x_wconf 87' lang='lat' dir='ltr'><strong>operationem</strong></span> <span class='ocrx_word' id='word_1_88' title='bbox 1549 1488 1667 1528; x_wconf 87' lang='lat' dir='ltr'><strong>rea-</strong></span> 
     </span>
     <span class='ocr_line' id='line_1_14' title="bbox 93 1560 1666 1635; baseline -0.002 -16"><span class='ocrx_word' id='word_1_89' title='bbox 93 1564 198 1620; x_wconf 79' lang='lat' dir='ltr'><strong>liter</strong></span> <span class='ocrx_word' id='word_1_90' title='bbox 238 1563 312 1619; x_wconf 90' lang='lat' dir='ltr'><strong>ab</strong></span> <span class='ocrx_word' id='word_1_91' title='bbox 378 1563 558 1619; x_wconf 80' lang='lat' dir='ltr'><strong>altero</strong></span> <span class='ocrx_word' id='word_1_92' title='bbox 602 1561 684 1617; x_wconf 87' lang='lat' dir='ltr'><strong>ita</strong></span> <span class='ocrx_word' id='word_1_93' title='bbox 725 1561 936 1635; x_wconf 79' lang='lat' dir='ltr'><strong>differt,</strong></span> <span class='ocrx_word' id='word_1_94' title='bbox 998 1565 1062 1617; x_wconf 91' lang='lat' dir='ltr'><strong>ut</strong></span> <span class='ocrx_word' id='word_1_95' title='bbox 1113 1564 1369 1618; x_wconf 81' lang='lat' dir='ltr'><strong>neutrum</strong></span> <span class='ocrx_word' id='word_1_96' title='bbox 1423 1560 1496 1616; x_wconf 85' lang='lat' dir='ltr'><strong>sit</strong></span> <span class='ocrx_word' id='word_1_97' title='bbox 1537 1575 1666 1632; x_wconf 86' lang='lat' dir='ltr'><strong>pars</strong></span> 
     </span>
     <span class='ocr_line' id='line_1_15' title="bbox 91 1649 1666 1725; baseline -0.003 -17"><span class='ocrx_word' id='word_1_98' title='bbox 91 1652 290 1708; x_wconf 79' lang='lat' dir='ltr'><strong>alterins</strong></span> <span class='ocrx_word' id='word_1_99' title='bbox 339 1651 440 1708; x_wconf 83' lang='lat' dir='ltr'><strong>vel</strong></span> <span class='ocrx_word' id='word_1_100' title='bbox 484 1667 558 1708; x_wconf 78' lang='lat' dir='ltr'><strong>ex</strong></span> <span class='ocrx_word' id='word_1_101' title='bbox 600 1654 742 1725; x_wconf 83' lang='lat' dir='ltr'><strong>toto,</strong></span> <span class='ocrx_word' id='word_1_102' title='bbox 788 1650 878 1707; x_wconf 76' lang='lat' dir='ltr'><strong>vel</strong></span> <span class='ocrx_word' id='word_1_103' title='bbox 909 1666 984 1707; x_wconf 82' lang='lat' dir='ltr'><strong>ex</strong></span> <span class='ocrx_word' id='word_1_104' title='bbox 1023 1654 1198 1724; x_wconf 83' lang='lat' dir='ltr'><strong>parte,</strong></span> <span class='ocrx_word' id='word_1_105' title='bbox 1243 1653 1426 1723; x_wconf 83' lang='lat' dir='ltr'><strong>potest</strong></span> <span class='ocrx_word' id='word_1_106' title='bbox 1468 1649 1542 1704; x_wconf 87' lang='lat' dir='ltr'><strong>ab</strong></span> <span class='ocrx_word' id='word_1_107' title='bbox 1585 1649 1666 1705; x_wconf 92' lang='lat' dir='ltr'><strong>al·</strong></span> 
     </span>
     <span class='ocr_line' id='line_1_16' title="bbox 91 1737 1666 1812; baseline -0.001 -16"><span class='ocrx_word' id='word_1_108' title='bbox 91 1747 192 1796; x_wconf 75' lang='lat' dir='ltr'><strong>tem</strong></span> <span class='ocrx_word' id='word_1_109' title='bbox 209 1740 484 1812; x_wconf 83' lang='lat' dir='ltr'><strong>separari.</strong></span> <span class='ocrx_word' id='word_1_110' title='bbox 552 1740 699 1796; x_wconf 86' lang='lat' dir='ltr'><strong>Nam</strong></span> <span class='ocrx_word' id='word_1_111' title='bbox 727 1739 790 1794; x_wconf 85' lang='lat' dir='ltr'><strong>in</strong></span> <span class='ocrx_word' id='word_1_112' title='bbox 807 1739 1112 1812; x_wconf 84' lang='lat' dir='ltr'><strong>adaequate</strong></span> <span class='ocrx_word' id='word_1_113' title='bbox 1130 1737 1514 1796; x_wconf 77' lang='lat' dir='ltr'><strong>differentibus</strong></span> <span class='ocrx_word' id='word_1_114' title='bbox 1535 1754 1666 1795; x_wconf 90' lang='lat' dir='ltr'><strong>neu-</strong></span> 
     </span>
     <span class='ocr_line' id='line_1_17' title="bbox 90 1827 1666 1900; baseline -0.002 -16"><span class='ocrx_word' id='word_1_115' title='bbox 90 1827 1200 1900; x_wconf 69' lang='lat' dir='ltr'><strong>numalteroadsuumesseindiget.</strong></span> <span class='ocrx_word' id='word_1_116' title='bbox 1268 1827 1666 1900; x_wconf 75' lang='lat' dir='ltr'><strong>Epotestse-</strong></span> 
     </span>
     <span class='ocr_line' id='line_1_18' title="bbox 89 1915 1665 1993; baseline -0.002 -19"><span class='ocrx_word' id='word_1_117' title='bbox 89 1917 252 1992; x_wconf 81' lang='lat' dir='ltr'><strong>parari</strong></span> <span class='ocrx_word' id='word_1_118' title='bbox 305 1935 418 1991; x_wconf 84' lang='lat' dir='ltr'><strong>per</strong></span> <span class='ocrx_word' id='word_1_119' title='bbox 464 1916 770 1990; x_wconf 71' lang='lat' dir='ltr'><strong>potentiam</strong></span> <span class='ocrx_word' id='word_1_120' title='bbox 825 1917 932 1974; x_wconf 92' lang='lat' dir='ltr'><strong>Dei</strong></span> <span class='ocrx_word' id='word_1_121' title='bbox 985 1915 1324 1993; x_wconf 80' lang='lat' dir='ltr'><strong>absolutam,</strong></span> <span class='ocrx_word' id='word_1_122' title='bbox 1384 1919 1442 1972; x_wconf 92' lang='lat' dir='ltr'><strong>et</strong></span> <span class='ocrx_word' id='word_1_123' title='bbox 1483 1916 1665 1971; x_wconf 85' lang='lat' dir='ltr'><strong>solum</strong></span> 
     </span>
     <span class='ocr_line' id='line_1_19' title="bbox 87 2003 1664 2080; baseline -0.001 -17"><span class='ocrx_word' id='word_1_124' title='bbox 87 2025 198 2080; x_wconf 77' lang='lat' dir='ltr'><strong>pais</strong></span> <span class='ocrx_word' id='word_1_125' title='bbox 235 2023 270 2062; x_wconf 91' lang='lat' dir='ltr'><strong>a</strong></span> <span class='ocrx_word' id='word_1_126' title='bbox 297 2011 454 2080; x_wconf 69' lang='lat' dir='ltr'><strong>toto,</strong></span> <span class='ocrx_word' id='word_1_127' title='bbox 500 2009 580 2063; x_wconf 89' lang='lat' dir='ltr'><strong>ita</strong></span> <span class='ocrx_word' id='word_1_128' title='bbox 623 2011 686 2063; x_wconf 90' lang='lat' dir='ltr'><strong>ut</strong></span> <span class='ocrx_word' id='word_1_129' title='bbox 727 2006 788 2064; x_wconf 87' lang='lat' dir='ltr'><strong>id</strong></span> <span class='ocrx_word' id='word_1_130' title='bbox 829 2009 1166 2080; x_wconf 89' lang='lat' dir='ltr'><strong>permaneat,</strong></span> <span class='ocrx_word' id='word_1_131' title='bbox 1213 2009 1298 2062; x_wconf 82' lang='lat' dir='ltr'><strong>est</strong></span> <span class='ocrx_word' id='word_1_132' title='bbox 1340 2003 1664 2078; x_wconf 78' lang='lat' dir='ltr'><strong>simpliciter</strong></span> 
     </span>
     <span class='ocr_line' id='line_1_20' title="bbox 87 2093 1666 2169; baseline -0.003 -15"><span class='ocrx_word' id='word_1_133' title='bbox 87 2095 483 2169; x_wconf 71' lang='lat' dir='ltr'><strong>inseparabilis.</strong></span> <span class='ocrx_word' id='word_1_134' title='bbox 525 2095 666 2152; x_wconf 83' lang='lat' dir='ltr'><strong>Min.</strong></span> <span class='ocrx_word' id='word_1_135' title='bbox 694 2096 920 2168; x_wconf 85' lang='lat' dir='ltr'><strong>prosyll.</strong></span> <span class='ocrx_word' id='word_1_136' title='bbox 943 2095 1242 2169; x_wconf 85' lang='lat' dir='ltr'><strong>probatur:</strong></span> <span class='ocrx_word' id='word_1_137' title='bbox 1273 2094 1495 2151; x_wconf 88' lang='lat' dir='ltr'><strong>daretur</strong></span> <span class='ocrx_word' id='word_1_138' title='bbox 1513 2093 1666 2151; x_wconf 88' lang='lat' dir='ltr'><strong>enim</strong></span> 
     </span>
     <span class='ocr_line' id='line_1_21' title="bbox 86 2183 1665 2259; baseline -0.001 -17"><span class='ocrx_word' id='word_1_139' title='bbox 86 2185 478 2242; x_wconf 69' lang='lat' dir='ltr'><strong>linfflrealiter</strong></span> <span class='ocrx_word' id='word_1_140' title='bbox 503 2183 1665 2259; x_wconf 77' lang='lat' dir='ltr'><strong>nequerecta,nequeem·va‚quodabsm··</strong></span> 
     </span>
     <span class='ocr_line' id='line_1_22' title="bbox 85 2271 1607 2347; baseline -0.002 -17"><span class='ocrx_word' id='word_1_141' title='bbox 85 2275 384 2332; x_wconf 82' lang='lat' dir='ltr'><strong>dissimum.</strong></span> <span class='ocrx_word' id='word_1_142' title='bbox 456 2291 508 2330; x_wconf 84' lang='lat' dir='ltr'><strong>v.</strong></span> <span class='ocrx_word' id='word_1_143' title='bbox 555 2275 721 2330; x_wconf 83' lang='lat' dir='ltr'><strong>Ruv.</strong></span> <span class='ocrx_word' id='word_1_144' title='bbox 767 2275 896 2347; x_wconf 85' lang='lat' dir='ltr'><strong>log.</strong></span> <span class='ocrx_word' id='word_1_145' title='bbox 943 2273 1023 2330; x_wconf 94' lang='lat' dir='ltr'><strong>de</strong></span> <span class='ocrx_word' id='word_1_146' title='bbox 1065 2272 1426 2330; x_wconf 85' lang='lat' dir='ltr'><strong>universal</strong></span> <span class='ocrx_word' id='word_1_147' title='bbox 1469 2287 1521 2344; x_wconf 93' lang='lat' dir='ltr'><strong>q.</strong></span> <span class='ocrx_word' id='word_1_148' title='bbox 1550 2271 1607 2327; x_wconf 83' lang='lat'><strong>4.</strong></span> 
     </span>
    </p>

    <p class='ocr_par' dir='ltr' id='par_1_4' title="bbox 33 2359 1669 4661">
     <span class='ocr_line' id='line_1_23' title="bbox 157 2359 1662 2434; baseline -0.001 -16"><span class='ocrx_word' id='word_1_149' title='bbox 157 2363 204 2433; x_wconf 64' lang='grc' dir='ltr'><strong>ξ.</strong></span> <span class='ocrx_word' id='word_1_150' title='bbox 245 2364 356 2418; x_wconf 75' lang='lat'><strong>24.</strong></span> <span class='ocrx_word' id='word_1_151' title='bbox 439 2363 533 2420; x_wconf 90' lang='lat'><strong>111.</strong></span> <span class='ocrx_word' id='word_1_152' title='bbox 588 2363 648 2419; x_wconf 91' lang='lat' dir='ltr'><strong>Si</strong></span> <span class='ocrx_word' id='word_1_153' title='bbox 700 2379 816 2420; x_wconf 90' lang='lat' dir='ltr'><strong>non</strong></span> <span class='ocrx_word' id='word_1_154' title='bbox 867 2363 1031 2420; x_wconf 86' lang='lat' dir='ltr'><strong>datur</strong></span> <span class='ocrx_word' id='word_1_155' title='bbox 1071 2361 1352 2418; x_wconf 75' lang='lat' dir='ltr'><strong>distinctio</strong></span> <span class='ocrx_word' id='word_1_156' title='bbox 1396 2359 1662 2434; x_wconf 79' lang='lat' dir='ltr'><strong>formalis,</strong></span> 
     </span>
     <span class='ocr_line' id='line_1_24' title="bbox 83 2449 1666 2526; baseline -0.003 -16"><span class='ocrx_word' id='word_1_157' title='bbox 83 2453 182 2510; x_wconf 83' lang='lat' dir='ltr'><strong>mit</strong></span> <span class='ocrx_word' id='word_1_158' title='bbox 221 2453 550 2510; x_wconf 76' lang='lat' dir='ltr'><strong>haeoeeitas.</strong></span> <span class='ocrx_word' id='word_1_159' title='bbox 617 2453 728 2510; x_wconf 88' lang='lat' dir='ltr'><strong>Sed</strong></span> <span class='ocrx_word' id='word_1_160' title='bbox 769 2467 962 2508; x_wconf 82' lang='lat' dir='ltr'><strong>verum</strong></span> <span class='ocrx_word' id='word_1_161' title='bbox 1014 2449 1194 2526; x_wconf 86' lang='lat' dir='ltr'><strong>prius:</strong></span> <span class='ocrx_word' id='word_1_162' title='bbox 1259 2449 1432 2506; x_wconf 83' lang='lat' dir='ltr'><strong>E.-</strong></span> <span class='ocrx_word' id='word_1_163' title='bbox 1493 2450 1666 2506; x_wconf 85' lang='lat' dir='ltr'><strong>Ante-</strong></span> 
     </span>
     <span class='ocr_line' id='line_1_25' title="bbox 85 2537 1665 2614; baseline -0.003 -16"><span class='ocrx_word' id='word_1_164' title='bbox 85 2558 234 2614; x_wconf 81' lang='lat' dir='ltr'><strong>quam</strong></span> <span class='ocrx_word' id='word_1_165' title='bbox 276 2541 605 2614; x_wconf 86' lang='lat' dir='ltr'><strong>probemus,</strong></span> <span class='ocrx_word' id='word_1_166' title='bbox 651 2541 722 2598; x_wconf 90' lang='lat' dir='ltr'><strong>de</strong></span> <span class='ocrx_word' id='word_1_167' title='bbox 762 2541 864 2598; x_wconf 81' lang='lat' dir='ltr'><strong>hae</strong></span> <span class='ocrx_word' id='word_1_168' title='bbox 891 2539 1240 2597; x_wconf 86' lang='lat' dir='ltr'><strong>distinctione</strong></span> <span class='ocrx_word' id='word_1_169' title='bbox 1268 2538 1456 2612; x_wconf 89' lang='lat' dir='ltr'><strong>aliqua</strong></span> <span class='ocrx_word' id='word_1_170' title='bbox 1495 2537 1665 2594; x_wconf 87' lang='lat' dir='ltr'><strong>disse-</strong></span> 
     </span>
     <span class='ocr_line' id='line_1_26' title="bbox 83 2627 1662 2703; baseline -0.003 -17"><span class='ocrx_word' id='word_1_171' title='bbox 83 2631 238 2686; x_wconf 78' lang='lat' dir='ltr'><strong>renda</strong></span> <span class='ocrx_word' id='word_1_172' title='bbox 281 2635 437 2688; x_wconf 67' lang='lat' dir='ltr'><strong>amit.</strong></span> <span class='ocrx_word' id='word_1_173' title='bbox 506 2629 700 2686; x_wconf 79' lang='lat' dir='ltr'><strong>videri</strong></span> <span class='ocrx_word' id='word_1_174' title='bbox 741 2633 927 2686; x_wconf 80' lang='lat' dir='ltr'><strong>antem</strong></span> <span class='ocrx_word' id='word_1_175' title='bbox 959 2633 1190 2703; x_wconf 80' lang='lat' dir='ltr'><strong>possunt</strong></span> <span class='ocrx_word' id='word_1_176' title='bbox 1210 2627 1662 2700; x_wconf 88' lang='lat' dir='ltr'><strong>Stahl.Comp.</strong></span> 
     </span>
     <span class='ocr_line' id='line_1_27' title="bbox 83 2717 1665 2792; baseline -0.003 -17"><span class='ocrx_word' id='word_1_177' title='bbox 83 2720 368 2792; x_wconf 85' lang='lat' dir='ltr'><strong>Metaph.</strong></span> <span class='ocrx_word' id='word_1_178' title='bbox 419 2719 600 2776; x_wconf 56' lang='lat'><strong>223.</strong></span> <span class='ocrx_word' id='word_1_179' title='bbox 666 2719 942 2775; x_wconf 87' lang='lat' dir='ltr'><strong>Sonein.</strong></span> <span class='ocrx_word' id='word_1_180' title='bbox 988 2719 1024 2774; x_wconf 91' lang='lat' dir='ltr'><strong>l.</strong></span> <span class='ocrx_word' id='word_1_181' title='bbox 1055 2719 1110 2774; x_wconf 80' lang='lat'><strong>7.</strong></span> <span class='ocrx_word' id='word_1_182' title='bbox 1155 2733 1207 2790; x_wconf 94' lang='lat' dir='ltr'><strong>q.</strong></span> <span class='ocrx_word' id='word_1_183' title='bbox 1239 2717 1337 2774; x_wconf 82' lang='lat'><strong>35.</strong></span> <span class='ocrx_word' id='word_1_184' title='bbox 1405 2717 1665 2773; x_wconf 84' lang='lat' dir='ltr'><strong>Posna·</strong></span> 
     </span>
     <span class='ocr_line' id='line_1_28' title="bbox 85 2805 1662 2864; baseline -0.001 0"><span class='ocrx_word' id='word_1_185' title='bbox 85 2809 346 2864; x_wconf 88' lang='lat' dir='ltr'><strong>niensis</strong></span> <span class='ocrx_word' id='word_1_186' title='bbox 405 2808 460 2863; x_wconf 91' lang='lat'><strong>1.</strong></span> <span class='ocrx_word' id='word_1_187' title='bbox 505 2813 678 2864; x_wconf 88' lang='lat' dir='ltr'><strong>sent.</strong></span> <span class='ocrx_word' id='word_1_188' title='bbox 723 2807 777 2864; x_wconf 90' lang='lat' dir='ltr'><strong>d.</strong></span> <span class='ocrx_word' id='word_1_189' title='bbox 806 2808 906 2864; x_wconf 82' lang='lat'><strong>34.</strong></span> <span class='ocrx_word' id='word_1_190' title='bbox 950 2806 1162 2864; x_wconf 84' lang='lat' dir='ltr'><strong>dubio</strong></span> <span class='ocrx_word' id='word_1_191' title='bbox 1209 2807 1308 2864; x_wconf 84' lang='lat'><strong>64.</strong></span> <span class='ocrx_word' id='word_1_192' title='bbox 1375 2805 1662 2862; x_wconf 83' lang='lat' dir='ltr'><strong>Tribuitur</strong></span> 
     </span>
     <span class='ocr_line' id='line_1_29' title="bbox 84 2894 1661 2973; baseline -0.003 -18"><span class='ocrx_word' id='word_1_193' title='bbox 84 2899 444 2956; x_wconf 75' lang='lat' dir='ltr'><strong>eommmiiter</strong></span> <span class='ocrx_word' id='word_1_194' title='bbox 459 2898 644 2973; x_wconf 88' lang='lat' dir='ltr'><strong>Seoto,</strong></span> <span class='ocrx_word' id='word_1_195' title='bbox 678 2900 744 2955; x_wconf 91' lang='lat' dir='ltr'><strong>ut</strong></span> <span class='ocrx_word' id='word_1_196' title='bbox 772 2897 956 2955; x_wconf 89' lang='lat' dir='ltr'><strong>media</strong></span> <span class='ocrx_word' id='word_1_197' title='bbox 988 2897 1132 2954; x_wconf 82' lang='lat' dir='ltr'><strong>inter</strong></span> <span class='ocrx_word' id='word_1_198' title='bbox 1172 2894 1428 2953; x_wconf 87' lang='lat' dir='ltr'><strong>realem</strong></span> <span class='ocrx_word' id='word_1_199' title='bbox 1469 2897 1528 2953; x_wconf 89' lang='lat' dir='ltr'><strong>et</strong></span> <span class='ocrx_word' id='word_1_200' title='bbox 1555 2910 1661 2951; x_wconf 88' lang='lat' dir='ltr'><strong>ra-</strong></span> 
     </span>
     <span class='ocr_line' id='line_1_30' title="bbox 85 2984 1659 3061; baseline -0.003 -18"><span class='ocrx_word' id='word_1_201' title='bbox 85 2988 328 3061; x_wconf 80' lang='lat' dir='ltr'><strong>tionis,</strong></span> <span class='ocrx_word' id='word_1_202' title='bbox 379 2987 528 3045; x_wconf 76' lang='lat' dir='ltr'><strong>mide</strong></span> <span class='ocrx_word' id='word_1_203' title='bbox 559 2987 680 3057; x_wconf 86' lang='lat' dir='ltr'><strong>ejus</strong></span> <span class='ocrx_word' id='word_1_204' title='bbox 707 2990 1000 3045; x_wconf 78' lang='lat' dir='ltr'><strong>sectatores</strong></span> <span class='ocrx_word' id='word_1_205' title='bbox 1031 2984 1165 3043; x_wconf 82' lang='lat' dir='ltr'><strong>dieti</strong></span> <span class='ocrx_word' id='word_1_206' title='bbox 1185 2984 1659 3041; x_wconf 86' lang='lat' dir='ltr'><strong>Formalistae.</strong></span> 
     </span>
     <span class='ocr_line' id='line_1_31' title="bbox 85 3072 1662 3149; baseline -0.004 -16"><span class='ocrx_word' id='word_1_207' title='bbox 85 3077 191 3133; x_wconf 84' lang='lat' dir='ltr'><strong>Hae</strong></span> <span class='ocrx_word' id='word_1_208' title='bbox 231 3080 400 3149; x_wconf 80' lang='lat' dir='ltr'><strong>putat</strong></span> <span class='ocrx_word' id='word_1_209' title='bbox 441 3075 712 3149; x_wconf 79' lang='lat' dir='ltr'><strong>distingui</strong></span> <span class='ocrx_word' id='word_1_210' title='bbox 753 3076 1022 3133; x_wconf 87' lang='lat' dir='ltr'><strong>attributa</strong></span> <span class='ocrx_word' id='word_1_211' title='bbox 1061 3075 1124 3131; x_wconf 89' lang='lat' dir='ltr'><strong>in</strong></span> <span class='ocrx_word' id='word_1_212' title='bbox 1141 3072 1378 3147; x_wconf 83' lang='lat' dir='ltr'><strong>Divinis,</strong></span> <span class='ocrx_word' id='word_1_213' title='bbox 1424 3077 1482 3129; x_wconf 90' lang='lat' dir='ltr'><strong>et</strong></span> <span class='ocrx_word' id='word_1_214' title='bbox 1522 3072 1662 3131; x_wconf 87' lang='lat' dir='ltr'><strong>rela-</strong></span> 
     </span>
     <span class='ocr_line' id='line_1_32' title="bbox 85 3162 1664 3239; baseline -0.003 -18"><span class='ocrx_word' id='word_1_215' title='bbox 85 3166 252 3223; x_wconf 84' lang='lat' dir='ltr'><strong>tiones</strong></span> <span class='ocrx_word' id='word_1_216' title='bbox 294 3166 624 3239; x_wconf 75' lang='lat' dir='ltr'><strong>personales</strong></span> <span class='ocrx_word' id='word_1_217' title='bbox 665 3167 738 3221; x_wconf 89' lang='lat' dir='ltr'><strong>ab</strong></span> <span class='ocrx_word' id='word_1_218' title='bbox 781 3164 1048 3238; x_wconf 86' lang='lat' dir='ltr'><strong>essentia,</strong></span> <span class='ocrx_word' id='word_1_219' title='bbox 1107 3162 1438 3236; x_wconf 78' lang='lat' dir='ltr'><strong>quidditates</strong></span> <span class='ocrx_word' id='word_1_220' title='bbox 1479 3176 1664 3220; x_wconf 88' lang='lat' dir='ltr'><strong>rerum</strong></span> 
     </span>
     <span class='ocr_line' id='line_1_33' title="bbox 85 3250 1662 3326; baseline -0.003 -15"><span class='ocrx_word' id='word_1_221' title='bbox 85 3254 219 3311; x_wconf 85' lang='lat' dir='ltr'><strong>inter</strong></span> <span class='ocrx_word' id='word_1_222' title='bbox 269 3272 336 3311; x_wconf 83' lang='lat' dir='ltr'><strong>se</strong></span> <span class='ocrx_word' id='word_1_223' title='bbox 391 3260 452 3313; x_wconf 91' lang='lat' dir='ltr'><strong>et</strong></span> <span class='ocrx_word' id='word_1_224' title='bbox 495 3271 531 3311; x_wconf 90' lang='lat' dir='ltr'><strong>a</strong></span> <span class='ocrx_word' id='word_1_225' title='bbox 575 3254 696 3309; x_wconf 90' lang='lat' dir='ltr'><strong>Deo</strong></span> <span class='ocrx_word' id='word_1_226' title='bbox 752 3252 818 3309; x_wconf 88' lang='lat' dir='ltr'><strong>in</strong></span> <span class='ocrx_word' id='word_1_227' title='bbox 868 3270 988 3309; x_wconf 80' lang='lat' dir='ltr'><strong>esse</strong></span> <span class='ocrx_word' id='word_1_228' title='bbox 1043 3250 1294 3326; x_wconf 78' lang='lat' dir='ltr'><strong>eognitO,</strong></span> <span class='ocrx_word' id='word_1_229' title='bbox 1349 3250 1662 3324; x_wconf 85' lang='lat' dir='ltr'><strong>praedieata</strong></span> 
     </span>
     <span class='ocr_line' id='line_1_34' title="bbox 86 3339 1664 3416; baseline -0.003 -16"><span class='ocrx_word' id='word_1_230' title='bbox 86 3342 362 3416; x_wconf 83' lang='lat' dir='ltr'><strong>superiora</strong></span> <span class='ocrx_word' id='word_1_231' title='bbox 405 3344 483 3400; x_wconf 90' lang='lat' dir='ltr'><strong>ab</strong></span> <span class='ocrx_word' id='word_1_232' title='bbox 525 3342 894 3415; x_wconf 58' lang='lat' dir='ltr'><strong>inferioribua</strong></span> <span class='ocrx_word' id='word_1_233' title='bbox 941 3356 1114 3413; x_wconf 84' lang='lat' dir='ltr'><strong>genus</strong></span> <span class='ocrx_word' id='word_1_234' title='bbox 1146 3357 1182 3396; x_wconf 90' lang='lat' dir='ltr'><strong>a</strong></span> <span class='ocrx_word' id='word_1_235' title='bbox 1203 3339 1532 3414; x_wconf 78' lang='lat' dir='ltr'><strong>differentia,</strong></span> <span class='ocrx_word' id='word_1_236' title='bbox 1578 3356 1664 3395; x_wconf 84' lang='lat' dir='ltr'><strong>es-</strong></span> 
     </span>
     <span class='ocr_line' id='line_1_35' title="bbox 87 3427 1666 3503; baseline -0.003 -14"><span class='ocrx_word' id='word_1_237' title='bbox 87 3433 314 3489; x_wconf 80' lang='lat' dir='ltr'><strong>sentiam</strong></span> <span class='ocrx_word' id='word_1_238' title='bbox 333 3432 408 3489; x_wconf 89' lang='lat' dir='ltr'><strong>ab</strong></span> <span class='ocrx_word' id='word_1_239' title='bbox 429 3432 758 3489; x_wconf 78' lang='lat' dir='ltr'><strong>existentia:</strong></span> <span class='ocrx_word' id='word_1_240' title='bbox 803 3429 1042 3503; x_wconf 79' lang='lat' dir='ltr'><strong>explieat</strong></span> <span class='ocrx_word' id='word_1_241' title='bbox 1061 3446 1186 3487; x_wconf 86' lang='lat' dir='ltr'><strong>eam</strong></span> <span class='ocrx_word' id='word_1_242' title='bbox 1207 3428 1468 3502; x_wconf 86' lang='lat' dir='ltr'><strong>Rhada,</strong></span> <span class='ocrx_word' id='word_1_243' title='bbox 1515 3427 1666 3502; x_wconf 91' lang='lat' dir='ltr'><strong>quod</strong></span> 
     </span>
     <span class='ocr_line' id='line_1_36' title="bbox 88 3517 1665 3591; baseline -0.002 -15"><span class='ocrx_word' id='word_1_244' title='bbox 88 3522 154 3576; x_wconf 88' lang='lat' dir='ltr'><strong>sit</strong></span> <span class='ocrx_word' id='word_1_245' title='bbox 189 3522 340 3578; x_wconf 82' lang='lat' dir='ltr'><strong>inter</strong></span> <span class='ocrx_word' id='word_1_246' title='bbox 381 3521 524 3577; x_wconf 84' lang='lat' dir='ltr'><strong>duas</strong></span> <span class='ocrx_word' id='word_1_247' title='bbox 567 3520 845 3577; x_wconf 73' lang='lat' dir='ltr'><strong>realitatoe</strong></span> <span class='ocrx_word' id='word_1_248' title='bbox 887 3535 984 3577; x_wconf 86' lang='lat' dir='ltr'><strong>seu</strong></span> <span class='ocrx_word' id='word_1_249' title='bbox 1012 3517 1392 3591; x_wconf 70' lang='lat' dir='ltr'><strong>romalitatoe,</strong></span> <span class='ocrx_word' id='word_1_250' title='bbox 1433 3518 1494 3575; x_wconf 90' lang='lat' dir='ltr'><strong>in</strong></span> <span class='ocrx_word' id='word_1_251' title='bbox 1537 3517 1665 3573; x_wconf 82' lang='lat' dir='ltr'><strong>sub-</strong></span> 
     </span>
     <span class='ocr_line' id='line_1_37' title="bbox 82 3605 1666 3683; baseline -0.004 -16"><span class='ocrx_word' id='word_1_252' title='bbox 82 3610 222 3679; x_wconf 75' lang='lat' dir='ltr'><strong>jecto</strong></span> <span class='ocrx_word' id='word_1_253' title='bbox 261 3610 650 3683; x_wconf 71' lang='lat' dir='ltr'><strong>identifieatm,</strong></span> <span class='ocrx_word' id='word_1_254' title='bbox 680 3608 922 3665; x_wconf 82' lang='lat' dir='ltr'><strong>diversas</strong></span> <span class='ocrx_word' id='word_1_255' title='bbox 965 3624 1098 3665; x_wconf 86' lang='lat' dir='ltr'><strong>vero</strong></span> <span class='ocrx_word' id='word_1_256' title='bbox 1141 3606 1202 3663; x_wconf 90' lang='lat' dir='ltr'><strong>in</strong></span> <span class='ocrx_word' id='word_1_257' title='bbox 1245 3606 1438 3663; x_wconf 83' lang='lat' dir='ltr'><strong>ordine</strong></span> <span class='ocrx_word' id='word_1_258' title='bbox 1480 3605 1554 3663; x_wconf 91' lang='lat' dir='ltr'><strong>ad</strong></span> <span class='ocrx_word' id='word_1_259' title='bbox 1581 3606 1666 3661; x_wconf 90' lang='lat' dir='ltr'><strong>in-</strong></span> 
     </span>
     <span class='ocr_line' id='line_1_38' title="bbox 89 3694 1666 3771; baseline -0.003 -16"><span class='ocrx_word' id='word_1_260' title='bbox 89 3700 394 3771; x_wconf 70' lang='lat' dir='ltr'><strong>tellectume,</strong></span> <span class='ocrx_word' id='word_1_261' title='bbox 452 3698 670 3755; x_wconf 69' lang='lat' dir='ltr'><strong>difien-e</strong></span> <span class='ocrx_word' id='word_1_262' title='bbox 711 3712 746 3753; x_wconf 91' lang='lat' dir='ltr'><strong>a</strong></span> <span class='ocrx_word' id='word_1_263' title='bbox 789 3695 1021 3754; x_wconf 87' lang='lat' dir='ltr'><strong>rationis</strong></span> <span class='ocrx_word' id='word_1_264' title='bbox 1075 3694 1426 3753; x_wconf 84' lang='lat' dir='ltr'><strong>distinetione</strong></span> <span class='ocrx_word' id='word_1_265' title='bbox 1439 3734 1455 3767; x_wconf 91' lang='lat'><strong>,</strong></span> <span class='ocrx_word' id='word_1_266' title='bbox 1515 3694 1666 3766; x_wconf 89' lang='lat' dir='ltr'><strong>quod</strong></span> 
     </span>
     <span class='ocr_line' id='line_1_39' title="bbox 87 3782 1661 3860; baseline -0.003 -16"><span class='ocrx_word' id='word_1_267' title='bbox 87 3788 212 3844; x_wconf 77' lang='lat' dir='ltr'><strong>haec</strong></span> <span class='ocrx_word' id='word_1_268' title='bbox 253 3786 498 3860; x_wconf 82' lang='lat' dir='ltr'><strong>requirat</strong></span> <span class='ocrx_word' id='word_1_269' title='bbox 542 3790 672 3842; x_wconf 87' lang='lat' dir='ltr'><strong>ante</strong></span> <span class='ocrx_word' id='word_1_270' title='bbox 701 3803 762 3843; x_wconf 88' lang='lat' dir='ltr'><strong>se</strong></span> <span class='ocrx_word' id='word_1_271' title='bbox 791 3784 1168 3859; x_wconf 83' lang='lat' dir='ltr'><strong>operationem</strong></span> <span class='ocrx_word' id='word_1_272' title='bbox 1199 3782 1402 3839; x_wconf 85' lang='lat' dir='ltr'><strong>mentis</strong></span> <span class='ocrx_word' id='word_1_273' title='bbox 1429 3782 1490 3837; x_wconf 90' lang='lat' dir='ltr'><strong>in</strong></span> <span class='ocrx_word' id='word_1_274' title='bbox 1522 3787 1661 3839; x_wconf 81' lang='lat' dir='ltr'><strong>actu.</strong></span> 
     </span>
     <span class='ocr_line' id='line_1_40' title="bbox 87 3869 1666 3949; baseline -0.003 -17"><span class='ocrx_word' id='word_1_275' title='bbox 87 3876 191 3932; x_wconf 81' lang='lat' dir='ltr'><strong>Sed</strong></span> <span class='ocrx_word' id='word_1_276' title='bbox 235 3876 370 3933; x_wconf 86' lang='lat' dir='ltr'><strong>mire</strong></span> <span class='ocrx_word' id='word_1_277' title='bbox 413 3874 664 3949; x_wconf 82' lang='lat' dir='ltr'><strong>perplexi</strong></span> <span class='ocrx_word' id='word_1_278' title='bbox 706 3878 836 3931; x_wconf 88' lang='lat' dir='ltr'><strong>sunt</strong></span> <span class='ocrx_word' id='word_1_279' title='bbox 879 3879 936 3931; x_wconf 89' lang='lat' dir='ltr'><strong>et</strong></span> <span class='ocrx_word' id='word_1_280' title='bbox 965 3874 1357 3947; x_wconf 70' lang='lat' dir='ltr'><strong>inconstantes,</strong></span> <span class='ocrx_word' id='word_1_281' title='bbox 1403 3869 1502 3929; x_wconf 90' lang='lat' dir='ltr'><strong>ubi</strong></span> <span class='ocrx_word' id='word_1_282' title='bbox 1531 3870 1666 3929; x_wconf 86' lang='lat' dir='ltr'><strong>haee</strong></span> 
     </span>
     <span class='ocr_line' id='line_1_41' title="bbox 33 3960 1666 4037; baseline -0.002 -18"><span class='ocrx_word' id='word_1_283' title='bbox 33 3976 44 3987; x_wconf 93' lang='lat'><strong>·</strong></span> <span class='ocrx_word' id='word_1_284' title='bbox 89 3965 144 4019; x_wconf 88' lang='lat' dir='ltr'><strong>in</strong></span> <span class='ocrx_word' id='word_1_285' title='bbox 185 3970 310 4021; x_wconf 86' lang='lat' dir='ltr'><strong>actu</strong></span> <span class='ocrx_word' id='word_1_286' title='bbox 350 3964 596 4022; x_wconf 77' lang='lat' dir='ltr'><strong>exercito</strong></span> <span class='ocrx_word' id='word_1_287' title='bbox 637 3963 966 4037; x_wconf 83' lang='lat' dir='ltr'><strong>applicanda</strong></span> <span class='ocrx_word' id='word_1_288' title='bbox 1007 3967 1151 4019; x_wconf 86' lang='lat' dir='ltr'><strong>sunt.</strong></span> <span class='ocrx_word' id='word_1_289' title='bbox 1228 3960 1376 4017; x_wconf 87' lang='lat' dir='ltr'><strong>Nam</strong></span> <span class='ocrx_word' id='word_1_290' title='bbox 1418 3960 1467 4016; x_wconf 86' lang='lat' dir='ltr'><strong>si</strong></span> <span class='ocrx_word' id='word_1_291' title='bbox 1510 3961 1666 4017; x_wconf 85' lang='lat' dir='ltr'><strong>haec-</strong></span> 
     </span>
     <span class='ocr_line' id='line_1_42' title="bbox 89 4049 1667 4126; baseline -0.003 -17"><span class='ocrx_word' id='word_1_292' title='bbox 89 4054 248 4109; x_wconf 80' lang='lat' dir='ltr'><strong>eeitas</strong></span> <span class='ocrx_word' id='word_1_293' title='bbox 289 4071 326 4110; x_wconf 94' lang='lat' dir='ltr'><strong>a</strong></span> <span class='ocrx_word' id='word_1_294' title='bbox 369 4052 555 4126; x_wconf 71' lang='lat' dir='ltr'><strong>speeie</strong></span> <span class='ocrx_word' id='word_1_295' title='bbox 596 4054 778 4109; x_wconf 87' lang='lat' dir='ltr'><strong>solum</strong></span> <span class='ocrx_word' id='word_1_296' title='bbox 819 4052 1034 4125; x_wconf 79' lang='lat' dir='ltr'><strong>differt,</strong></span> <span class='ocrx_word' id='word_1_297' title='bbox 1091 4050 1240 4124; x_wconf 90' lang='lat' dir='ltr'><strong>quod</strong></span> <span class='ocrx_word' id='word_1_298' title='bbox 1281 4054 1414 4122; x_wconf 87' lang='lat' dir='ltr'><strong>apta</strong></span> <span class='ocrx_word' id='word_1_299' title='bbox 1457 4053 1542 4106; x_wconf 69' lang='lat' dir='ltr'><strong>aet</strong></span> <span class='ocrx_word' id='word_1_300' title='bbox 1583 4049 1667 4106; x_wconf 92' lang='lat' dir='ltr'><strong>di·</strong></span> 
     </span>
     <span class='ocr_line' id='line_1_43' title="bbox 91 4137 1666 4216; baseline -0.003 -19"><span class='ocrx_word' id='word_1_301' title='bbox 91 4143 276 4200; x_wconf 74' lang='lat' dir='ltr'><strong>stinete</strong></span> <span class='ocrx_word' id='word_1_302' title='bbox 319 4159 548 4199; x_wconf 84' lang='lat' dir='ltr'><strong>movere</strong></span> <span class='ocrx_word' id='word_1_303' title='bbox 589 4142 954 4216; x_wconf 76' lang='lat' dir='ltr'><strong>intellectum,</strong></span> <span class='ocrx_word' id='word_1_304' title='bbox 1001 4156 1168 4214; x_wconf 88' lang='lat' dir='ltr'><strong>quam</strong></span> <span class='ocrx_word' id='word_1_305' title='bbox 1213 4140 1358 4195; x_wconf 83' lang='lat' dir='ltr'><strong>male</strong></span> <span class='ocrx_word' id='word_1_306' title='bbox 1401 4138 1476 4195; x_wconf 90' lang='lat' dir='ltr'><strong>ad</strong></span> <span class='ocrx_word' id='word_1_307' title='bbox 1518 4137 1666 4211; x_wconf 88' lang='lat' dir='ltr'><strong>prin-</strong></span> 
     </span>
     <span class='ocr_line' id='line_1_44' title="bbox 87 4228 1667 4304; baseline -0.001 -18"><span class='ocrx_word' id='word_1_308' title='bbox 87 4230 282 4304; x_wconf 74' lang='lat' dir='ltr'><strong>cipium</strong></span> <span class='ocrx_word' id='word_1_309' title='bbox 325 4230 606 4288; x_wconf 84' lang='lat' dir='ltr'><strong>individui</strong></span> <span class='ocrx_word' id='word_1_310' title='bbox 645 4231 886 4304; x_wconf 81' lang='lat' dir='ltr'><strong>affertur,</strong></span> <span class='ocrx_word' id='word_1_311' title='bbox 933 4230 1084 4303; x_wconf 90' lang='lat' dir='ltr'><strong>quod</strong></span> <span class='ocrx_word' id='word_1_312' title='bbox 1110 4228 1357 4303; x_wconf 82' lang='lat' dir='ltr'><strong>praeciso</strong></span> <span class='ocrx_word' id='word_1_313' title='bbox 1385 4228 1667 4285; x_wconf 80' lang='lat' dir='ltr'><strong>intellectu</strong></span> 
     </span>
     <span class='ocr_line' id='line_1_45' title="bbox 89 4316 1668 4392; baseline -0.004 -15"><span class='ocrx_word' id='word_1_314' title='bbox 89 4321 268 4392; x_wconf 80' lang='lat' dir='ltr'><strong>quaeri</strong></span> <span class='ocrx_word' id='word_1_315' title='bbox 309 4319 520 4377; x_wconf 68' lang='lat' dir='ltr'><strong>debet&#39;i</strong></span> <span class='ocrx_word' id='word_1_316' title='bbox 561 4320 746 4385; x_wconf 81' lang='lat' dir='ltr'><strong>Quare</strong></span> <span class='ocrx_word' id='word_1_317' title='bbox 785 4336 1004 4376; x_wconf 83' lang='lat' dir='ltr'><strong>neeesse</strong></span> <span class='ocrx_word' id='word_1_318' title='bbox 1046 4323 1132 4375; x_wconf 79' lang='lat' dir='ltr'><strong>est</strong></span> <span class='ocrx_word' id='word_1_319' title='bbox 1183 4316 1362 4387; x_wconf 79' lang='lat' dir='ltr'><strong>majus</strong></span> <span class='ocrx_word' id='word_1_320' title='bbox 1403 4316 1668 4389; x_wconf 77' lang='lat' dir='ltr'><strong>quiddam</strong></span> 
     </span>
     <span class='ocr_line' id='line_1_46' title="bbox 89 4404 1663 4477; baseline -0.003 -13"><span class='ocrx_word' id='word_1_321' title='bbox 89 4410 180 4465; x_wconf 87' lang='lat' dir='ltr'><strong>sub</strong></span> <span class='ocrx_word' id='word_1_322' title='bbox 219 4424 422 4466; x_wconf 82' lang='lat' dir='ltr'><strong>eornm</strong></span> <span class='ocrx_word' id='word_1_323' title='bbox 464 4407 648 4465; x_wconf 84' lang='lat' dir='ltr'><strong>verbis</strong></span> <span class='ocrx_word' id='word_1_324' title='bbox 689 4408 876 4464; x_wconf 88' lang='lat' dir='ltr'><strong>latere.</strong></span> <span class='ocrx_word' id='word_1_325' title='bbox 963 4408 1071 4464; x_wconf 86' lang='lat' dir='ltr'><strong>Sed</strong></span> <span class='ocrx_word' id='word_1_326' title='bbox 1111 4405 1174 4463; x_wconf 90' lang='lat' dir='ltr'><strong>id</strong></span> <span class='ocrx_word' id='word_1_327' title='bbox 1217 4404 1516 4463; x_wconf 76' lang='lat' dir='ltr'><strong>absurdum</strong></span> <span class='ocrx_word' id='word_1_328' title='bbox 1557 4408 1663 4477; x_wconf 65' lang='lat' dir='ltr'><strong>est,</strong></span> 
     </span>
     <span class='ocr_line' id='line_1_47' title="bbox 89 4489 1669 4571; baseline -0.003 -17"><span class='ocrx_word' id='word_1_329' title='bbox 89 4489 481 4570; x_wconf 74' lang='lat' dir='ltr'><strong>quodcumque‘</strong></span> <span class='ocrx_word' id='word_1_330' title='bbox 506 4496 597 4571; x_wconf 81' lang='lat' dir='ltr'><strong>sit,</strong></span> <span class='ocrx_word' id='word_1_331' title='bbox 645 4496 978 4568; x_wconf 75' lang='lat' dir='ltr'><strong>simulatque</strong></span> <span class='ocrx_word' id='word_1_332' title='bbox 1011 4495 1182 4568; x_wconf 88' lang='lat' dir='ltr'><strong>enim,</strong></span> <span class='ocrx_word' id='word_1_333' title='bbox 1217 4493 1464 4567; x_wconf 77' lang='lat' dir='ltr'><strong>praeciso</strong></span> <span class='ocrx_word' id='word_1_334' title='bbox 1507 4493 1669 4549; x_wconf 87' lang='lat' dir='ltr'><strong>intel·</strong></span> 
     </span>
     <span class='ocr_line' id='line_1_48' title="bbox 93 4583 1460 4661; baseline -0.004 -18"><span class='ocrx_word' id='word_1_335' title='bbox 93 4586 238 4661; x_wconf 77' lang='lat' dir='ltr'><strong>lectu,</strong></span> <span class='ocrx_word' id='word_1_336' title='bbox 285 4586 574 4660; x_wconf 77' lang='lat' dir='ltr'><strong>diffenmt,</strong></span> <span class='ocrx_word' id='word_1_337' title='bbox 621 4600 736 4641; x_wconf 89' lang='lat' dir='ltr'><strong>non</strong></span> <span class='ocrx_word' id='word_1_338' title='bbox 781 4590 910 4641; x_wconf 86' lang='lat' dir='ltr'><strong>sunt</strong></span> <span class='ocrx_word' id='word_1_339' title='bbox 955 4584 1066 4640; x_wconf 87' lang='lat' dir='ltr'><strong>sibi</strong></span> <span class='ocrx_word' id='word_1_340' title='bbox 1108 4583 1460 4641; x_wconf 80' lang='lat' dir='ltr'><strong>identificata.</strong></span> 
     </span>
    </p>

    <p class='ocr_par' dir='ltr' id='par_1_5' title="bbox 95 4670 1674 5283">
     <span class='ocr_line' id='line_1_49' title="bbox 168 4670 1671 4745; baseline -0.001 -16"><span class='ocrx_word' id='word_1_341' title='bbox 168 4676 214 4745; x_wconf 66' lang='grc' dir='ltr'><strong>ξ.</strong></span> <span class='ocrx_word' id='word_1_342' title='bbox 241 4676 346 4733; x_wconf 87' lang='grc'><strong>25.</strong></span> <span class='ocrx_word' id='word_1_343' title='bbox 417 4673 926 4731; x_wconf 75' lang='lat' dir='ltr'><strong>posnaniensis</strong></span> <span class='ocrx_word' id='word_1_344' title='bbox 959 4674 1086 4730; x_wconf 87' lang='lat' dir='ltr'><strong>illas</strong></span> <span class='ocrx_word' id='word_1_345' title='bbox 1117 4670 1482 4729; x_wconf 66' lang='lat' dir='ltr'><strong>formalitatae</strong></span> <span class='ocrx_word' id='word_1_346' title='bbox 1501 4670 1671 4727; x_wconf 88' lang='lat' dir='ltr'><strong>inter-</strong></span> 
     </span>
     <span class='ocr_line' id='line_1_50' title="bbox 97 4758 1672 4836; baseline -0.003 -17"><span class='ocrx_word' id='word_1_347' title='bbox 97 4770 354 4833; x_wconf 83' lang='lat' dir='ltr'><strong>pretatur:</strong></span> <span class='ocrx_word' id='word_1_348' title='bbox 400 4766 698 4836; x_wconf 85' lang='lat' dir='ltr'><strong>eonceptus</strong></span> <span class='ocrx_word' id='word_1_349' title='bbox 741 4761 1077 4836; x_wconf 81' lang='lat' dir='ltr'><strong>objectivos,</strong></span> <span class='ocrx_word' id='word_1_350' title='bbox 1123 4767 1181 4818; x_wconf 86' lang='lat' dir='ltr'><strong>et</strong></span> <span class='ocrx_word' id='word_1_351' title='bbox 1221 4759 1466 4817; x_wconf 88' lang='lat' dir='ltr'><strong>rationes</strong></span> <span class='ocrx_word' id='word_1_352' title='bbox 1511 4758 1672 4816; x_wconf 85' lang='lat' dir='ltr'><strong>intel·</strong></span> 
     </span>
     <span class='ocr_line' id='line_1_51' title="bbox 95 4848 1672 4927; baseline -0.001 -22"><span class='ocrx_word' id='word_1_353' title='bbox 95 4850 337 4927; x_wconf 65' lang='lat' dir='ltr'><strong>ligibikzs,</strong></span> <span class='ocrx_word' id='word_1_354' title='bbox 387 4870 488 4909; x_wconf 86' lang='lat' dir='ltr'><strong>seu</strong></span> <span class='ocrx_word' id='word_1_355' title='bbox 529 4868 652 4909; x_wconf 87' lang='lat' dir='ltr'><strong>rem</strong></span> <span class='ocrx_word' id='word_1_356' title='bbox 693 4868 820 4907; x_wconf 82' lang='lat' dir='ltr'><strong>enm</strong></span> <span class='ocrx_word' id='word_1_357' title='bbox 851 4850 1118 4908; x_wconf 84' lang='lat' dir='ltr'><strong>relatione</strong></span> <span class='ocrx_word' id='word_1_358' title='bbox 1160 4850 1233 4906; x_wconf 89' lang='lat' dir='ltr'><strong>ad</strong></span> <span class='ocrx_word' id='word_1_359' title='bbox 1275 4854 1568 4922; x_wconf 79' lang='lat' dir='ltr'><strong>conceptus</strong></span> <span class='ocrx_word' id='word_1_360' title='bbox 1609 4848 1672 4903; x_wconf 91' lang='lat' dir='ltr'><strong>in</strong></span> 
     </span>
     <span class='ocr_line' id='line_1_52' title="bbox 99 4940 1672 5011; baseline -0.002 -15"><span class='ocrx_word' id='word_1_361' title='bbox 99 4945 266 4998; x_wconf 72' lang='lat' dir='ltr'><strong>monte</strong></span> <span class='ocrx_word' id='word_1_362' title='bbox 287 4942 571 4998; x_wconf 61' lang='lat' dir='ltr'><strong>formale&amp;</strong></span> <span class='ocrx_word' id='word_1_363' title='bbox 639 4940 750 4997; x_wconf 92' lang='lat' dir='ltr'><strong>Sed</strong></span> <span class='ocrx_word' id='word_1_364' title='bbox 791 4940 852 4995; x_wconf 88' lang='lat' dir='ltr'><strong>id</strong></span> <span class='ocrx_word' id='word_1_365' title='bbox 879 4940 1020 4996; x_wconf 83' lang='lat' dir='ltr'><strong>nihil</strong></span> <span class='ocrx_word' id='word_1_366' title='bbox 1049 4942 1163 5011; x_wconf 68' lang='lat' dir='ltr'><strong>oet3</strong></span> <span class='ocrx_word' id='word_1_367' title='bbox 1205 4954 1337 4994; x_wconf 85' lang='lat' dir='ltr'><strong>nam</strong></span> <span class='ocrx_word' id='word_1_368' title='bbox 1379 4940 1672 5011; x_wconf 76' lang='lat' dir='ltr'><strong>conceptus</strong></span> 
     </span>
     <span class='ocr_line' id='line_1_53' title="bbox 100 5026 1674 5100; baseline -0.001 -17"><span class='ocrx_word' id='word_1_369' title='bbox 100 5030 266 5099; x_wconf 75' lang='lat' dir='ltr'><strong>potius</strong></span> <span class='ocrx_word' id='word_1_370' title='bbox 319 5030 576 5088; x_wconf 75' lang='lat' dir='ltr'><strong>formalis</strong></span> <span class='ocrx_word' id='word_1_371' title='bbox 631 5030 893 5086; x_wconf 80' lang='lat' dir='ltr'><strong>fundatur</strong></span> <span class='ocrx_word' id='word_1_372' title='bbox 945 5028 1006 5083; x_wconf 86' lang='lat' dir='ltr'><strong>in</strong></span> <span class='ocrx_word' id='word_1_373' title='bbox 1050 5028 1325 5099; x_wconf 83' lang='lat' dir='ltr'><strong>objectivo</strong></span> <span class='ocrx_word' id='word_1_374' title='bbox 1341 5068 1357 5099; x_wconf 90' lang='lat'><strong>,</strong></span> <span class='ocrx_word' id='word_1_375' title='bbox 1415 5028 1464 5082; x_wconf 89' lang='lat' dir='ltr'><strong>si</strong></span> <span class='ocrx_word' id='word_1_376' title='bbox 1505 5026 1674 5100; x_wconf 83' lang='lat' dir='ltr'><strong>igitur</strong></span> 
     </span>
     <span class='ocr_line' id='line_1_54' title="bbox 99 5116 1673 5191; baseline -0.003 -16"><span class='ocrx_word' id='word_1_377' title='bbox 99 5116 256 5174; x_wconf 80' lang='lat' dir='ltr'><strong>etiam</strong></span> <span class='ocrx_word' id='word_1_378' title='bbox 295 5120 610 5191; x_wconf 75' lang='lat' dir='ltr'><strong>objectivus</strong></span> <span class='ocrx_word' id='word_1_379' title='bbox 651 5118 714 5173; x_wconf 87' lang='lat' dir='ltr'><strong>in</strong></span> <span class='ocrx_word' id='word_1_380' title='bbox 761 5118 1003 5191; x_wconf 75' lang='lat' dir='ltr'><strong>formali,</strong></span> <span class='ocrx_word' id='word_1_381' title='bbox 1049 5118 1272 5173; x_wconf 86' lang='lat' dir='ltr'><strong>daretur</strong></span> <span class='ocrx_word' id='word_1_382' title='bbox 1313 5116 1560 5189; x_wconf 79' lang='lat' dir='ltr'><strong>circulus,</strong></span> <span class='ocrx_word' id='word_1_383' title='bbox 1607 5130 1673 5170; x_wconf 85' lang='lat' dir='ltr'><strong>ae</strong></span> 
     </span>
     <span class='ocr_line' id='line_1_55' title="bbox 101 5200 1674 5283; baseline -0.002 -19"><span class='ocrx_word' id='word_1_384' title='bbox 101 5204 228 5264; x_wconf 85' lang='lat' dir='ltr'><strong>dum</strong></span> <span class='ocrx_word' id='word_1_385' title='bbox 251 5214 562 5283; x_wconf 86' lang='lat' dir='ltr'><strong>utrumque,</strong></span> <span class='ocrx_word' id='word_1_386' title='bbox 599 5200 922 5265; x_wconf 79' lang='lat' dir='ltr'><strong>fundaretur</strong></span> <span class='ocrx_word' id='word_1_387' title='bbox 953 5210 1226 5281; x_wconf 70' lang='lat' dir='ltr'><strong>neutrum,</strong></span> <span class='ocrx_word' id='word_1_388' title='bbox 1273 5209 1332 5265; x_wconf 87' lang='lat' dir='ltr'><strong>et</strong></span> <span class='ocrx_word' id='word_1_389' title='bbox 1359 5207 1674 5263; x_wconf 71' lang='lat' dir='ltr'><strong>evanoeeret</strong></span> 
     </span>
    </p>
   </div>
   <div class='ocr_carea' id='block_1_3' title="bbox 1763 495 3371 2616">
    <p class='ocr_par' dir='ltr' id='par_1_6' title="bbox 1766 495 3358 1813">
     <span class='ocr_line' id='line_1_56' title="bbox 1769 495 3358 575; baseline 0.003 -21"><span class='ocrx_word' id='word_1_390' title='bbox 1769 500 2082 569; x_wconf 85' lang='lat' dir='ltr'><strong>utrumque.</strong></span> <span class='ocrx_word' id='word_1_391' title='bbox 2150 495 2365 554; x_wconf 89' lang='lat' dir='ltr'><strong>Deinde</strong></span> <span class='ocrx_word' id='word_1_392' title='bbox 2406 497 2551 555; x_wconf 85' lang='lat' dir='ltr'><strong>ratio</strong></span> <span class='ocrx_word' id='word_1_393' title='bbox 2580 497 2679 556; x_wconf 89' lang='lat' dir='ltr'><strong>illa</strong></span> <span class='ocrx_word' id='word_1_394' title='bbox 2708 499 3175 575; x_wconf 80' lang='lat' dir='ltr'><strong>intelligibilitatis</strong></span> <span class='ocrx_word' id='word_1_395' title='bbox 3214 506 3358 560; x_wconf 76' lang='lat' dir='ltr'><strong>esset</strong></span> 
     </span>
     <span class='ocr_line' id='line_1_57' title="bbox 1770 584 3357 665; baseline 0.005 -25"><span class='ocrx_word' id='word_1_396' title='bbox 1770 584 1887 642; x_wconf 84' lang='lat' dir='ltr'><strong>vel</strong></span> <span class='ocrx_word' id='word_1_397' title='bbox 1914 585 1988 641; x_wconf 89' lang='lat' dir='ltr'><strong>ad</strong></span> <span class='ocrx_word' id='word_1_398' title='bbox 2014 589 2339 658; x_wconf 74' lang='lat' dir='ltr'><strong>eoneepmm</strong></span> <span class='ocrx_word' id='word_1_399' title='bbox 2368 585 2619 644; x_wconf 85' lang='lat' dir='ltr'><strong>divinum</strong></span> <span class='ocrx_word' id='word_1_400' title='bbox 2652 589 2769 645; x_wconf 85' lang='lat' dir='ltr'><strong>sive</strong></span> <span class='ocrx_word' id='word_1_401' title='bbox 2786 590 2964 665; x_wconf 85' lang='lat' dir='ltr'><strong>Ideas,</strong></span> <span class='ocrx_word' id='word_1_402' title='bbox 3008 590 3107 646; x_wconf 87' lang='lat' dir='ltr'><strong>sed</strong></span> <span class='ocrx_word' id='word_1_403' title='bbox 3136 591 3225 648; x_wconf 83' lang='lat' dir='ltr'><strong>hie</strong></span> <span class='ocrx_word' id='word_1_404' title='bbox 3256 591 3357 647; x_wconf 87' lang='lat' dir='ltr'><strong>illa</strong></span> 
     </span>
     <span class='ocr_line' id='line_1_58' title="bbox 1769 673 3355 749; baseline 0.003 -17"><span class='ocrx_word' id='word_1_405' title='bbox 1769 673 1969 732; x_wconf 74' lang='lat' dir='ltr'><strong>rehtio</strong></span> <span class='ocrx_word' id='word_1_406' title='bbox 2004 689 2125 732; x_wconf 91' lang='lat' dir='ltr'><strong>non</strong></span> <span class='ocrx_word' id='word_1_407' title='bbox 2154 679 2295 730; x_wconf 84' lang='lat' dir='ltr'><strong>esset</strong></span> <span class='ocrx_word' id='word_1_408' title='bbox 2324 675 2517 749; x_wconf 79' lang='lat' dir='ltr'><strong>realis3</strong></span> <span class='ocrx_word' id='word_1_409' title='bbox 2559 691 2674 738; x_wconf 84' lang='lat' dir='ltr'><strong>non</strong></span> <span class='ocrx_word' id='word_1_410' title='bbox 2702 677 2853 734; x_wconf 88' lang='lat' dir='ltr'><strong>enim</strong></span> <span class='ocrx_word' id='word_1_411' title='bbox 2882 679 3031 737; x_wconf 83' lang='lat' dir='ltr'><strong>eadit</strong></span> <span class='ocrx_word' id='word_1_412' title='bbox 3058 679 3121 736; x_wconf 89' lang='lat' dir='ltr'><strong>in</strong></span> <span class='ocrx_word' id='word_1_413' title='bbox 3140 679 3355 736; x_wconf 84' lang='lat' dir='ltr'><strong>DEUM</strong></span> 
     </span>
     <span class='ocr_line' id='line_1_59' title="bbox 1771 761 3356 842; baseline 0.004 -23"><span class='ocrx_word' id='word_1_414' title='bbox 1771 761 2035 820; x_wconf 78' lang='lat' dir='ltr'><strong>aeeidem.</strong></span> <span class='ocrx_word' id='word_1_415' title='bbox 2106 763 2171 819; x_wconf 89' lang='lat' dir='ltr'><strong>E.</strong></span> <span class='ocrx_word' id='word_1_416' title='bbox 2194 763 2347 820; x_wconf 88' lang='lat' dir='ltr'><strong>Nihil</strong></span> <span class='ocrx_word' id='word_1_417' title='bbox 2390 769 2698 837; x_wconf 74' lang='lat' dir='ltr'><strong>superesset</strong></span> <span class='ocrx_word' id='word_1_418' title='bbox 2736 765 3079 824; x_wconf 80' lang='lat' dir='ltr'><strong>distinctioni</strong></span> <span class='ocrx_word' id='word_1_419' title='bbox 3120 785 3157 824; x_wconf 91' lang='lat' dir='ltr'><strong>a</strong></span> <span class='ocrx_word' id='word_1_420' title='bbox 3198 774 3356 842; x_wconf 82' lang='lat' dir='ltr'><strong>parte</strong></span> 
     </span>
     <span class='ocr_line' id='line_1_60' title="bbox 1771 850 3351 942; baseline 0.004 -33"><span class='ocrx_word' id='word_1_421' title='bbox 1771 850 1879 909; x_wconf 79' lang='lat' dir='ltr'><strong>rei:</strong></span> <span class='ocrx_word' id='word_1_422' title='bbox 1924 851 2037 908; x_wconf 80' lang='lat' dir='ltr'><strong>vel</strong></span> <span class='ocrx_word' id='word_1_423' title='bbox 2080 852 2153 910; x_wconf 81' lang='lat' dir='ltr'><strong>ad</strong></span> <span class='ocrx_word' id='word_1_424' title='bbox 2198 852 2437 924; x_wconf 81' lang='lat' dir='ltr'><strong>verbum</strong></span> <span class='ocrx_word' id='word_1_425' title='bbox 2466 853 2687 942; x_wconf 67' lang='lat' dir='ltr'><strong>mentis,</strong></span> <span class='ocrx_word' id='word_1_426' title='bbox 2721 858 2797 920; x_wconf 86' lang='lat' dir='ltr'><strong>,ut</strong></span> <span class='ocrx_word' id='word_1_427' title='bbox 2838 862 3054 931; x_wconf 82' lang='lat' dir='ltr'><strong>voeant,</strong></span> <span class='ocrx_word' id='word_1_428' title='bbox 3086 861 3351 917; x_wconf 80' lang='lat' dir='ltr'><strong>creatum.</strong></span> 
     </span>
     <span class='ocr_line' id='line_1_61' title="bbox 1771 934 3353 1020; baseline 0.004 -23"><span class='ocrx_word' id='word_1_429' title='bbox 1771 934 1880 997; x_wconf 87' lang='lat' dir='ltr'><strong>Sed</strong></span> <span class='ocrx_word' id='word_1_430' title='bbox 1898 940 1949 997; x_wconf 91' lang='lat' dir='ltr'><strong>si</strong></span> <span class='ocrx_word' id='word_1_431' title='bbox 1970 942 2153 998; x_wconf 88' lang='lat' dir='ltr'><strong>omnis</strong></span> <span class='ocrx_word' id='word_1_432' title='bbox 2182 942 2494 1000; x_wconf 68' lang='lat' dir='ltr'><strong>inoellectais</strong></span> <span class='ocrx_word' id='word_1_433' title='bbox 2511 947 2723 1000; x_wconf 85' lang='lat' dir='ltr'><strong>creatus</strong></span> <span class='ocrx_word' id='word_1_434' title='bbox 2756 944 3054 1020; x_wconf 74' lang='lat' dir='ltr'><strong>tolleretur,</strong></span> <span class='ocrx_word' id='word_1_435' title='bbox 3088 947 3188 1002; x_wconf 89' lang='lat' dir='ltr'><strong>illa</strong></span> <span class='ocrx_word' id='word_1_436' title='bbox 3212 948 3353 1004; x_wconf 84' lang='lat' dir='ltr'><strong>rela-</strong></span> 
     </span>
     <span class='ocr_line' id='line_1_62' title="bbox 1771 1030 3355 1107; baseline 0.005 -22"><span class='ocrx_word' id='word_1_437' title='bbox 1771 1030 1852 1085; x_wconf 89' lang='lat' dir='ltr'><strong>tio</strong></span> <span class='ocrx_word' id='word_1_438' title='bbox 1884 1030 2104 1107; x_wconf 87' lang='lat' dir='ltr'><strong>periret,</strong></span> <span class='ocrx_word' id='word_1_439' title='bbox 2152 1034 2209 1088; x_wconf 91' lang='lat' dir='ltr'><strong>et</strong></span> <span class='ocrx_word' id='word_1_440' title='bbox 2250 1035 2439 1088; x_wconf 81' lang='lat' dir='ltr'><strong>tamen</strong></span> <span class='ocrx_word' id='word_1_441' title='bbox 2480 1048 2567 1089; x_wconf 89' lang='lat' dir='ltr'><strong>res</strong></span> <span class='ocrx_word' id='word_1_442' title='bbox 2598 1031 3089 1107; x_wconf 66' lang='lat' dir='ltr'><strong>individuas-entur,</strong></span> <span class='ocrx_word' id='word_1_443' title='bbox 3122 1034 3185 1090; x_wconf 88' lang='lat' dir='ltr'><strong>E.</strong></span> <span class='ocrx_word' id='word_1_444' title='bbox 3222 1041 3355 1093; x_wconf 86' lang='lat' dir='ltr'><strong>tune</strong></span> 
     </span>
     <span class='ocr_line' id='line_1_63' title="bbox 1771 1118 3349 1195; baseline 0.003 -19"><span class='ocrx_word' id='word_1_445' title='bbox 1771 1135 1834 1176; x_wconf 84' lang='lat' dir='ltr'><strong>se</strong></span> <span class='ocrx_word' id='word_1_446' title='bbox 1877 1118 2030 1192; x_wconf 64' lang='lat' dir='ltr'><strong>ipsis</strong></span> <span class='ocrx_word' id='word_1_447' title='bbox 2112 1119 2303 1193; x_wconf 82' lang='lat' dir='ltr'><strong>Adde,</strong></span> <span class='ocrx_word' id='word_1_448' title='bbox 2350 1119 2499 1192; x_wconf 90' lang='lat' dir='ltr'><strong>quod</strong></span> <span class='ocrx_word' id='word_1_449' title='bbox 2540 1120 2736 1178; x_wconf 74' lang='lat' dir='ltr'><strong>relatio</strong></span> <span class='ocrx_word' id='word_1_450' title='bbox 2780 1121 2907 1195; x_wconf 86' lang='lat' dir='ltr'><strong>illa,</strong></span> <span class='ocrx_word' id='word_1_451' title='bbox 2956 1121 3005 1178; x_wconf 90' lang='lat' dir='ltr'><strong>si</strong></span> <span class='ocrx_word' id='word_1_452' title='bbox 3046 1127 3191 1180; x_wconf 84' lang='lat' dir='ltr'><strong>esset</strong></span> <span class='ocrx_word' id='word_1_453' title='bbox 3231 1141 3349 1180; x_wconf 89' lang='lat' dir='ltr'><strong>rea-</strong></span> 
     </span>
     <span class='ocr_line' id='line_1_64' title="bbox 1771 1208 3353 1284; baseline 0.003 -21"><span class='ocrx_word' id='word_1_454' title='bbox 1771 1208 1860 1281; x_wconf 90' lang='lat' dir='ltr'><strong>lis,</strong></span> <span class='ocrx_word' id='word_1_455' title='bbox 1909 1209 2135 1266; x_wconf 85' lang='lat' dir='ltr'><strong>haberet</strong></span> <span class='ocrx_word' id='word_1_456' title='bbox 2189 1224 2347 1265; x_wconf 87' lang='lat' dir='ltr'><strong>suam</strong></span> <span class='ocrx_word' id='word_1_457' title='bbox 2390 1209 2806 1284; x_wconf 82' lang='lat' dir='ltr'><strong>haeooeitatem,</strong></span> <span class='ocrx_word' id='word_1_458' title='bbox 2862 1215 3007 1266; x_wconf 78' lang='lat' dir='ltr'><strong>esset</strong></span> <span class='ocrx_word' id='word_1_459' title='bbox 3048 1210 3199 1267; x_wconf 89' lang='lat' dir='ltr'><strong>enim</strong></span> <span class='ocrx_word' id='word_1_460' title='bbox 3242 1212 3353 1268; x_wconf 88' lang='lat' dir='ltr'><strong>sin-</strong></span> 
     </span>
     <span class='ocr_line' id='line_1_65' title="bbox 1770 1295 3355 1371; baseline 0.003 -18"><span class='ocrx_word' id='word_1_461' title='bbox 1770 1295 1993 1371; x_wconf 75' lang='lat' dir='ltr'><strong>gulariS,</strong></span> <span class='ocrx_word' id='word_1_462' title='bbox 2046 1302 2105 1354; x_wconf 87' lang='lat' dir='ltr'><strong>et</strong></span> <span class='ocrx_word' id='word_1_463' title='bbox 2146 1298 2225 1354; x_wconf 86' lang='lat' dir='ltr'><strong>sic</strong></span> <span class='ocrx_word' id='word_1_464' title='bbox 2268 1297 2649 1354; x_wconf 81' lang='lat' dir='ltr'><strong>ininfinitum.</strong></span> <span class='ocrx_word' id='word_1_465' title='bbox 2718 1298 3355 1357; x_wconf 73' lang='lat' dir='ltr'><strong>Praetereaoetadens</strong></span> 
     </span>
     <span class='ocr_line' id='line_1_66' title="bbox 1769 1385 3351 1464; baseline 0.004 -24"><span class='ocrx_word' id='word_1_466' title='bbox 1769 1385 1832 1440; x_wconf 88' lang='lat' dir='ltr'><strong>in</strong></span> <span class='ocrx_word' id='word_1_467' title='bbox 1845 1385 2117 1460; x_wconf 83' lang='lat' dir='ltr'><strong>potentia,</strong></span> <span class='ocrx_word' id='word_1_468' title='bbox 2136 1403 2233 1444; x_wconf 87' lang='lat' dir='ltr'><strong>seu</strong></span> <span class='ocrx_word' id='word_1_469' title='bbox 2252 1391 2577 1460; x_wconf 86' lang='lat' dir='ltr'><strong>eoneeptum</strong></span> <span class='ocrx_word' id='word_1_470' title='bbox 2589 1387 2897 1462; x_wconf 82' lang='lat' dir='ltr'><strong>formalem,</strong></span> <span class='ocrx_word' id='word_1_471' title='bbox 2910 1388 3006 1460; x_wconf 88' lang='lat' dir='ltr'><strong>qui</strong></span> <span class='ocrx_word' id='word_1_472' title='bbox 3016 1403 3135 1445; x_wconf 60' lang='grc' dir='ltr'><strong>θεοῦ</strong></span> <span class='ocrx_word' id='word_1_473' title='bbox 3148 1393 3351 1464; x_wconf 79' lang='lat' dir='ltr'><strong>potest,</strong></span> 
     </span>
     <span class='ocr_line' id='line_1_67' title="bbox 1767 1474 3356 1550; baseline 0.003 -21"><span class='ocrx_word' id='word_1_474' title='bbox 1767 1477 1826 1530; x_wconf 92' lang='lat' dir='ltr'><strong>et</strong></span> <span class='ocrx_word' id='word_1_475' title='bbox 1858 1474 1909 1529; x_wconf 86' lang='lat' dir='ltr'><strong>si</strong></span> <span class='ocrx_word' id='word_1_476' title='bbox 1952 1475 2120 1550; x_wconf 83' lang='lat' dir='ltr'><strong>dieas,</strong></span> <span class='ocrx_word' id='word_1_477' title='bbox 2164 1475 2321 1531; x_wconf 88' lang='lat' dir='ltr'><strong>illam</strong></span> <span class='ocrx_word' id='word_1_478' title='bbox 2358 1475 2683 1533; x_wconf 71' lang='lat' dir='ltr'><strong>relationem</strong></span> <span class='ocrx_word' id='word_1_479' title='bbox 2724 1477 3029 1534; x_wconf 75' lang='lat' dir='ltr'><strong>formaliter</strong></span> <span class='ocrx_word' id='word_1_480' title='bbox 3068 1477 3291 1536; x_wconf 83' lang='lat' dir='ltr'><strong>differre</strong></span> <span class='ocrx_word' id='word_1_481' title='bbox 3318 1475 3356 1534; x_wconf 84' lang='lat' dir='ltr'><strong>a&#39;</strong></span> 
     </span>
     <span class='ocr_line' id='line_1_68' title="bbox 1767 1563 3355 1637; baseline 0.003 -20"><span class='ocrx_word' id='word_1_482' title='bbox 1767 1563 2023 1637; x_wconf 86' lang='lat' dir='ltr'><strong>termino,</strong></span> <span class='ocrx_word' id='word_1_483' title='bbox 2069 1579 2275 1637; x_wconf 86' lang='lat' dir='ltr'><strong>quaero</strong></span> <span class='ocrx_word' id='word_1_484' title='bbox 2316 1564 2569 1622; x_wconf 82' lang='lat' dir='ltr'><strong>similiter</strong></span> <span class='ocrx_word' id='word_1_485' title='bbox 2611 1564 2681 1635; x_wconf 81' lang='lat' dir='ltr'><strong>de</strong></span> <span class='ocrx_word' id='word_1_486' title='bbox 2711 1565 2979 1622; x_wconf 86' lang='lat' dir='ltr'><strong>relatione</strong></span> <span class='ocrx_word' id='word_1_487' title='bbox 3008 1565 3172 1636; x_wconf 68' lang='lat' dir='ltr'><strong>huius</strong></span> <span class='ocrx_word' id='word_1_488' title='bbox 3214 1566 3355 1624; x_wconf 89' lang='lat' dir='ltr'><strong>rela-</strong></span> 
     </span>
     <span class='ocr_line' id='line_1_69' title="bbox 1767 1651 3351 1728; baseline 0.003 -21"><span class='ocrx_word' id='word_1_489' title='bbox 1767 1651 1937 1708; x_wconf 87' lang='lat' dir='ltr'><strong>tionis</strong></span> <span class='ocrx_word' id='word_1_490' title='bbox 1980 1651 2041 1708; x_wconf 89' lang='lat' dir='ltr'><strong>in</strong></span> <span class='ocrx_word' id='word_1_491' title='bbox 2082 1651 2375 1708; x_wconf 81' lang='lat' dir='ltr'><strong>infinitum.</strong></span> <span class='ocrx_word' id='word_1_492' title='bbox 2444 1652 2591 1710; x_wconf 91' lang='lat' dir='ltr'><strong>Nam</strong></span> <span class='ocrx_word' id='word_1_493' title='bbox 2624 1657 2681 1709; x_wconf 88' lang='lat' dir='ltr'><strong>et</strong></span> <span class='ocrx_word' id='word_1_494' title='bbox 2708 1653 2833 1728; x_wconf 81' lang='lat' dir='ltr'><strong>ipsa</strong></span> <span class='ocrx_word' id='word_1_495' title='bbox 2861 1654 3131 1712; x_wconf 79' lang='lat' dir='ltr'><strong>relatione</strong></span> <span class='ocrx_word' id='word_1_496' title='bbox 3164 1655 3239 1712; x_wconf 88' lang='lat' dir='ltr'><strong>ad</strong></span> <span class='ocrx_word' id='word_1_497' title='bbox 3266 1655 3351 1712; x_wconf 91' lang='lat' dir='ltr'><strong>in·</strong></span> 
     </span>
     <span class='ocr_line' id='line_1_70' title="bbox 1766 1739 2379 1813; baseline 0 -17"><span class='ocrx_word' id='word_1_498' title='bbox 1766 1739 2047 1798; x_wconf 78' lang='lat' dir='ltr'><strong>tellectum</strong></span> <span class='ocrx_word' id='word_1_499' title='bbox 2088 1739 2379 1813; x_wconf 79' lang='lat' dir='ltr'><strong>indigeret.</strong></span> 
     </span>
    </p>

    <p class='ocr_par' dir='ltr' id='par_1_7' title="bbox 1763 1828 3371 2616">
     <span class='ocr_line' id='line_1_71' title="bbox 1854 1828 3351 1904; baseline 0.004 -20"><span class='ocrx_word' id='word_1_500' title='bbox 1854 1828 1904 1897; x_wconf 60' lang='lat'><strong>3.</strong></span> <span class='ocrx_word' id='word_1_501' title='bbox 1930 1829 2033 1886; x_wconf 81' lang='lat'><strong>26.</strong></span> <span class='ocrx_word' id='word_1_502' title='bbox 2109 1829 2200 1885; x_wconf 86' lang='lat' dir='ltr'><strong>lv.</strong></span> <span class='ocrx_word' id='word_1_503' title='bbox 2247 1828 2643 1901; x_wconf 85' lang='lat' dir='ltr'><strong>Inexplieabile</strong></span> <span class='ocrx_word' id='word_1_504' title='bbox 2685 1833 2798 1904; x_wconf 81' lang='lat' dir='ltr'><strong>est,</strong></span> <span class='ocrx_word' id='word_1_505' title='bbox 2844 1847 2957 1904; x_wconf 86' lang='lat' dir='ltr'><strong>quo</strong></span> <span class='ocrx_word' id='word_1_506' title='bbox 2999 1832 3169 1888; x_wconf 86' lang='lat' dir='ltr'><strong>modo</strong></span> <span class='ocrx_word' id='word_1_507' title='bbox 3212 1832 3351 1890; x_wconf 74' lang='lat' dir='ltr'><strong>aoei-</strong></span> 
     </span>
     <span class='ocr_line' id='line_1_72' title="bbox 1766 1915 3353 1996; baseline 0.003 -22"><span class='ocrx_word' id='word_1_508' title='bbox 1766 1915 1955 1974; x_wconf 86' lang='lat' dir='ltr'><strong>dentia</strong></span> <span class='ocrx_word' id='word_1_509' title='bbox 1984 1917 2347 1974; x_wconf 87' lang='lat' dir='ltr'><strong>individualia</strong></span> <span class='ocrx_word' id='word_1_510' title='bbox 2378 1918 2452 1975; x_wconf 90' lang='lat' dir='ltr'><strong>ab</strong></span> <span class='ocrx_word' id='word_1_511' title='bbox 2472 1917 2801 1974; x_wconf 84' lang='lat' dir='ltr'><strong>haeeceitate</strong></span> <span class='ocrx_word' id='word_1_512' title='bbox 2832 1919 3115 1996; x_wconf 79' lang='lat' dir='ltr'><strong>oriantur3</strong></span> <span class='ocrx_word' id='word_1_513' title='bbox 3158 1937 3231 1976; x_wconf 80' lang='lat' dir='ltr'><strong>ex</strong></span> <span class='ocrx_word' id='word_1_514' title='bbox 3252 1937 3353 1979; x_wconf 91' lang='lat' dir='ltr'><strong>no·</strong></span> 
     </span>
     <span class='ocr_line' id='line_1_73' title="bbox 1766 2001 3371 2085; baseline 0.002 -22"><span class='ocrx_word' id='word_1_515' title='bbox 1766 2011 1883 2063; x_wconf 89' lang='lat' dir='ltr'><strong>stra</strong></span> <span class='ocrx_word' id='word_1_516' title='bbox 1935 2007 2085 2063; x_wconf 87' lang='lat' dir='ltr'><strong>enim</strong></span> <span class='ocrx_word' id='word_1_517' title='bbox 2139 2006 2409 2063; x_wconf 86' lang='lat' dir='ltr'><strong>sententia</strong></span> <span class='ocrx_word' id='word_1_518' title='bbox 2465 2005 2625 2062; x_wconf 78' lang='lat' dir='ltr'><strong>facile</strong></span> <span class='ocrx_word' id='word_1_519' title='bbox 2662 2005 2927 2079; x_wconf 83' lang='lat' dir='ltr'><strong>explicari</strong></span> <span class='ocrx_word' id='word_1_520' title='bbox 2972 2011 3171 2083; x_wconf 64' lang='lat' dir='ltr'><strong>potest,</strong></span> <span class='ocrx_word' id='word_1_521' title='bbox 3218 2001 3371 2085; x_wconf 50' lang='lat' dir='ltr'><strong>quia,</strong></span> 
     </span>
     <span class='ocr_line' id='line_1_74' title="bbox 1765 2095 3351 2172; baseline 0 -18"><span class='ocrx_word' id='word_1_522' title='bbox 1765 2097 1968 2154; x_wconf 86' lang='lat' dir='ltr'><strong>dantur</strong></span> <span class='ocrx_word' id='word_1_523' title='bbox 2008 2095 2396 2170; x_wconf 82' lang='lat' dir='ltr'><strong>dispositiones</strong></span> <span class='ocrx_word' id='word_1_524' title='bbox 2438 2095 2703 2152; x_wconf 84' lang='lat' dir='ltr'><strong>materiae</strong></span> <span class='ocrx_word' id='word_1_525' title='bbox 2742 2096 2816 2152; x_wconf 89' lang='lat' dir='ltr'><strong>ad</strong></span> <span class='ocrx_word' id='word_1_526' title='bbox 2859 2099 3114 2172; x_wconf 82' lang='lat' dir='ltr'><strong>formam,</strong></span> <span class='ocrx_word' id='word_1_527' title='bbox 3162 2097 3351 2154; x_wconf 81' lang='lat' dir='ltr'><strong>nullae</strong></span> 
     </span>
     <span class='ocr_line' id='line_1_75' title="bbox 1765 2183 3351 2260; baseline 0.001 -19"><span class='ocrx_word' id='word_1_528' title='bbox 1765 2201 1899 2242; x_wconf 83' lang='lat' dir='ltr'><strong>vero</strong></span> <span class='ocrx_word' id='word_1_529' title='bbox 1942 2184 2143 2258; x_wconf 85' lang='lat' dir='ltr'><strong>speciei</strong></span> <span class='ocrx_word' id='word_1_530' title='bbox 2195 2185 2269 2242; x_wconf 88' lang='lat' dir='ltr'><strong>ad</strong></span> <span class='ocrx_word' id='word_1_531' title='bbox 2310 2183 2712 2243; x_wconf 80' lang='lat' dir='ltr'><strong>haeeeeitatem.</strong></span> <span class='ocrx_word' id='word_1_532' title='bbox 2802 2185 2929 2244; x_wconf 85' lang='lat' dir='ltr'><strong>Vid.</strong></span> <span class='ocrx_word' id='word_1_533' title='bbox 2976 2186 3351 2260; x_wconf 84' lang='lat' dir='ltr'><strong>Herveum,</strong></span> 
     </span>
     <span class='ocr_line' id='line_1_76' title="bbox 1766 2273 3352 2350; baseline -0.001 -19"><span class='ocrx_word' id='word_1_534' title='bbox 1766 2273 2075 2348; x_wconf 85' lang='lat' dir='ltr'><strong>quodlib.</strong></span> <span class='ocrx_word' id='word_1_535' title='bbox 2100 2273 2160 2330; x_wconf 81' lang='lat'><strong>3.</strong></span> <span class='ocrx_word' id='word_1_536' title='bbox 2183 2287 2237 2346; x_wconf 88' lang='lat' dir='ltr'><strong>q.</strong></span> <span class='ocrx_word' id='word_1_537' title='bbox 2258 2274 2315 2330; x_wconf 82' lang='lat'><strong>9.</strong></span> <span class='ocrx_word' id='word_1_538' title='bbox 2346 2277 2594 2330; x_wconf 85' lang='lat' dir='ltr'><strong>eontra</strong></span> <span class='ocrx_word' id='word_1_539' title='bbox 2620 2274 2921 2350; x_wconf 81' lang='lat' dir='ltr'><strong>Scotum,</strong></span> <span class='ocrx_word' id='word_1_540' title='bbox 2952 2274 3103 2347; x_wconf 89' lang='lat' dir='ltr'><strong>apud</strong></span> <span class='ocrx_word' id='word_1_541' title='bbox 3123 2275 3352 2332; x_wconf 88' lang='lat' dir='ltr'><strong>Perer.</strong></span> 
     </span>
     <span class='ocr_line' id='line_1_77' title="bbox 1769 2361 3351 2438; baseline -0.001 -18"><span class='ocrx_word' id='word_1_542' title='bbox 1769 2363 1808 2420; x_wconf 93' lang='lat' dir='ltr'><strong>l.</strong></span> <span class='ocrx_word' id='word_1_543' title='bbox 1853 2380 1935 2438; x_wconf 72' lang='lat' dir='ltr'><strong>e,</strong></span> <span class='ocrx_word' id='word_1_544' title='bbox 1997 2367 2056 2419; x_wconf 90' lang='lat' dir='ltr'><strong>et</strong></span> <span class='ocrx_word' id='word_1_545' title='bbox 2097 2361 2417 2436; x_wconf 74' lang='lat' dir='ltr'><strong>Scaliger</strong></span> <span class='ocrx_word' id='word_1_546' title='bbox 2460 2362 2707 2419; x_wconf 79' lang='lat' dir='ltr'><strong>Exere.</strong></span> <span class='ocrx_word' id='word_1_547' title='bbox 2766 2362 2889 2419; x_wconf 80' lang='lat'><strong>307</strong></span> <span class='ocrx_word' id='word_1_548' title='bbox 2938 2364 3013 2420; x_wconf 91' lang='lat' dir='ltr'><strong>ad</strong></span> <span class='ocrx_word' id='word_1_549' title='bbox 3054 2363 3351 2420; x_wconf 75' lang='lat' dir='ltr'><strong>Car-dan.</strong></span> 
     </span>
     <span class='ocr_line' id='line_1_78' title="bbox 1763 2449 3351 2528; baseline 0.001 -19"><span class='ocrx_word' id='word_1_550' title='bbox 1763 2451 1836 2509; x_wconf 90' lang='lat' dir='ltr'><strong>N.</strong></span> <span class='ocrx_word' id='word_1_551' title='bbox 1878 2452 1999 2516; x_wconf 67' lang='lat'><strong>17„</strong></span> <span class='ocrx_word' id='word_1_552' title='bbox 2021 2451 2205 2525; x_wconf 84' lang='lat' dir='ltr'><strong>Atque</strong></span> <span class='ocrx_word' id='word_1_553' title='bbox 2247 2451 2352 2527; x_wconf 86' lang='lat' dir='ltr'><strong>ita,</strong></span> <span class='ocrx_word' id='word_1_554' title='bbox 2406 2449 2613 2508; x_wconf 86' lang='lat' dir='ltr'><strong>Divina</strong></span> <span class='ocrx_word' id='word_1_555' title='bbox 2654 2467 2763 2525; x_wconf 91' lang='lat' dir='ltr'><strong>ope</strong></span> <span class='ocrx_word' id='word_1_556' title='bbox 2806 2451 3001 2528; x_wconf 86' lang='lat' dir='ltr'><strong>adjuti,</strong></span> <span class='ocrx_word' id='word_1_557' title='bbox 3048 2452 3351 2510; x_wconf 82' lang='lat' dir='ltr'><strong>sententias</strong></span> 
     </span>
     <span class='ocr_line' id='line_1_79' title="bbox 1765 2540 2443 2616; baseline 0 -18"><span class='ocrx_word' id='word_1_558' title='bbox 1765 2543 2045 2616; x_wconf 79' lang='lat' dir='ltr'><strong>generales</strong></span> <span class='ocrx_word' id='word_1_559' title='bbox 2086 2540 2443 2598; x_wconf 82' lang='lat' dir='ltr'><strong>absolvimus.</strong></span> 
     </span>
    </p>
   </div>
   <div class='ocr_carea' id='block_1_4' title="bbox 2170 2676 2957 2777">
    <p class='ocr_par' dir='ltr' id='par_1_8' title="bbox 2170 2676 2957 2777">
     <span class='ocr_line' id='line_1_80' title="bbox 2170 2676 2957 2777; baseline -0.003 -23"><span class='ocrx_word' id='word_1_560' title='bbox 2170 2678 2829 2756; x_wconf 71' lang='lat' dir='ltr'><strong>coRoLLAMA·</strong></span> <span class='ocrx_word' id='word_1_561' title='bbox 2865 2676 2957 2777; x_wconf 85' lang='lat'><strong>¹).</strong></span> 
     </span>
    </p>
   </div>
   <div class='ocr_carea' id='block_1_5' title="bbox 1765 2805 3401 4123">
    <p class='ocr_par' dir='ltr' id='par_1_9' title="bbox 1765 2805 3401 4123">
     <span class='ocr_line' id='line_1_81' title="bbox 1839 2805 3181 2864; baseline 0 0"><span class='ocrx_word' id='word_1_562' title='bbox 1839 2807 1883 2864; x_wconf 89' lang='lat' dir='ltr'>L</span> <span class='ocrx_word' id='word_1_563' title='bbox 1912 2805 2151 2864; x_wconf 84' lang='lat' dir='ltr'><strong>Materia</strong></span> <span class='ocrx_word' id='word_1_564' title='bbox 2177 2805 2344 2862; x_wconf 87' lang='lat' dir='ltr'><strong>habet</strong></span> <span class='ocrx_word' id='word_1_565' title='bbox 2372 2805 2440 2864; x_wconf 88' lang='lat' dir='ltr'><strong>de</strong></span> <span class='ocrx_word' id='word_1_566' title='bbox 2468 2823 2529 2862; x_wconf 86' lang='lat' dir='ltr'><strong>se</strong></span> <span class='ocrx_word' id='word_1_567' title='bbox 2553 2811 2740 2864; x_wconf 75' lang='lat' dir='ltr'><strong>actum</strong></span> <span class='ocrx_word' id='word_1_568' title='bbox 2768 2807 3133 2864; x_wconf 87' lang='lat' dir='ltr'><strong>entitativum.</strong></span> <span class='ocrx_word' id='word_1_569' title='bbox 3176 2824 3181 2834; x_wconf 82' lang='grc'>’</span> 
     </span>
     <span class='ocr_line' id='line_1_82' title="bbox 1821 2893 3353 2972; baseline -0.001 -18"><span class='ocrx_word' id='word_1_570' title='bbox 1821 2897 1893 2955; x_wconf 92' lang='lat'><strong>11.</strong></span> <span class='ocrx_word' id='word_1_571' title='bbox 1921 2895 2052 2954; x_wconf 88' lang='lat' dir='ltr'><strong>Non</strong></span> <span class='ocrx_word' id='word_1_572' title='bbox 2102 2893 2331 2953; x_wconf 89' lang='lat' dir='ltr'><strong>omnino</strong></span> <span class='ocrx_word' id='word_1_573' title='bbox 2382 2895 2753 2971; x_wconf 85' lang='lat' dir='ltr'><strong>improbabile</strong></span> <span class='ocrx_word' id='word_1_574' title='bbox 2800 2899 2901 2972; x_wconf 80' lang='lat' dir='ltr'><strong>est,</strong></span> <span class='ocrx_word' id='word_1_575' title='bbox 2954 2896 3243 2955; x_wconf 80' lang='lat' dir='ltr'><strong>materiam</strong></span> <span class='ocrx_word' id='word_1_576' title='bbox 3293 2899 3353 2953; x_wconf 83' lang='lat' dir='ltr'><strong>et</strong></span> 
     </span>
     <span class='ocr_line' id='line_1_83' title="bbox 1912 2985 2869 3060; baseline 0 -18"><span class='ocrx_word' id='word_1_577' title='bbox 1912 2986 2279 3060; x_wconf 87' lang='lat' dir='ltr'><strong>quantitatem</strong></span> <span class='ocrx_word' id='word_1_578' title='bbox 2306 3002 2425 3042; x_wconf 84' lang='lat' dir='ltr'><strong>esse</strong></span> <span class='ocrx_word' id='word_1_579' title='bbox 2452 2985 2675 3043; x_wconf 83' lang='lat' dir='ltr'><strong>realiter</strong></span> <span class='ocrx_word' id='word_1_580' title='bbox 2706 2985 2869 3042; x_wconf 89' lang='lat' dir='ltr'><strong>idem.</strong></span> 
     </span>
     <span class='ocr_line' id='line_1_84' title="bbox 1785 3066 3123 3145; baseline -0.001 -13"><span class='ocrx_word' id='word_1_581' title='bbox 1785 3074 1883 3133; x_wconf 89' lang='lat' dir='ltr'><strong>m.</strong></span> <span class='ocrx_word' id='word_1_582' title='bbox 1912 3076 2199 3131; x_wconf 83' lang='lat' dir='ltr'><strong>Essentiae</strong></span> <span class='ocrx_word' id='word_1_583' title='bbox 2226 3089 2411 3131; x_wconf 86' lang='lat' dir='ltr'><strong>rerum</strong></span> <span class='ocrx_word' id='word_1_584' title='bbox 2436 3078 2568 3131; x_wconf 73' lang='lat' dir='ltr'><strong>amit</strong></span> <span class='ocrx_word' id='word_1_585' title='bbox 2602 3066 2671 3145; x_wconf 78' lang='lat'><strong>²)</strong></span> <span class='ocrx_word' id='word_1_586' title='bbox 2700 3074 2863 3131; x_wconf 83' lang='lat' dir='ltr'><strong>sicuti</strong></span> <span class='ocrx_word' id='word_1_587' title='bbox 2891 3074 3123 3131; x_wconf 87' lang='lat' dir='ltr'><strong>numeri.</strong></span> 
     </span>
     <span class='ocr_line' id='line_1_85' title="bbox 1785 3162 3353 3222; baseline -0.002 0"><span class='ocrx_word' id='word_1_588' title='bbox 1785 3166 1881 3222; x_wconf 88' lang='lat' dir='ltr'><strong>IV.</strong></span> <span class='ocrx_word' id='word_1_589' title='bbox 1910 3162 2197 3221; x_wconf 76' lang='lat' dir='ltr'><strong>Essemtiae</strong></span> <span class='ocrx_word' id='word_1_590' title='bbox 2222 3180 2407 3221; x_wconf 87' lang='lat' dir='ltr'><strong>rerum</strong></span> <span class='ocrx_word' id='word_1_591' title='bbox 2432 3178 2553 3221; x_wconf 88' lang='lat' dir='ltr'><strong>non</strong></span> <span class='ocrx_word' id='word_1_592' title='bbox 2578 3166 2709 3219; x_wconf 91' lang='lat' dir='ltr'><strong>sunt</strong></span> <span class='ocrx_word' id='word_1_593' title='bbox 2734 3168 2991 3220; x_wconf 80' lang='lat' dir='ltr'><strong>aeternae</strong></span> <span class='ocrx_word' id='word_1_594' title='bbox 3010 3163 3118 3219; x_wconf 88' lang='lat' dir='ltr'><strong>nisi</strong></span> <span class='ocrx_word' id='word_1_595' title='bbox 3140 3166 3353 3221; x_wconf 86' lang='lat' dir='ltr'><strong>utsunt</strong></span> 
     </span>
     <span class='ocr_line' id='line_1_86' title="bbox 1912 3254 2141 3310; baseline -0.004 0"><span class='ocrx_word' id='word_1_596' title='bbox 1912 3254 1975 3310; x_wconf 89' lang='lat' dir='ltr'><strong>in</strong></span> <span class='ocrx_word' id='word_1_597' title='bbox 2002 3254 2141 3309; x_wconf 92' lang='lat' dir='ltr'><strong>Deo.</strong></span> 
     </span>
     <span class='ocr_line' id='line_1_87' title="bbox 1819 3338 3101 3414; baseline 0.002 -17"><span class='ocrx_word' id='word_1_598' title='bbox 1819 3344 1888 3397; x_wconf 86' lang='lat' dir='ltr'><strong>V.</strong></span> <span class='ocrx_word' id='word_1_599' title='bbox 1918 3340 2205 3399; x_wconf 82' lang='lat' dir='ltr'><strong>Possibilis</strong></span> <span class='ocrx_word' id='word_1_600' title='bbox 2231 3344 2317 3397; x_wconf 85' lang='lat' dir='ltr'><strong>est</strong></span> <span class='ocrx_word' id='word_1_601' title='bbox 2342 3339 2651 3414; x_wconf 82' lang='lat' dir='ltr'><strong>penetratio</strong></span> <span class='ocrx_word' id='word_1_602' title='bbox 2679 3338 3101 3399; x_wconf 77' lang='lat' dir='ltr'><strong>dimensionum.</strong></span> 
     </span>
     <span class='ocr_line' id='line_1_88' title="bbox 1787 3429 3353 3504; baseline -0.001 -16"><span class='ocrx_word' id='word_1_603' title='bbox 1787 3432 1883 3488; x_wconf 85' lang='lat' dir='ltr'><strong>VI.</strong></span> <span class='ocrx_word' id='word_1_604' title='bbox 1912 3430 2171 3490; x_wconf 81' lang='lat' dir='ltr'><strong>Hominis</strong></span> <span class='ocrx_word' id='word_1_605' title='bbox 2210 3430 2391 3486; x_wconf 91' lang='lat' dir='ltr'><strong>solum</strong></span> <span class='ocrx_word' id='word_1_606' title='bbox 2430 3444 2545 3487; x_wconf 84' lang='lat' dir='ltr'><strong>una</strong></span> <span class='ocrx_word' id='word_1_607' title='bbox 2575 3432 2661 3487; x_wconf 85' lang='lat' dir='ltr'><strong>est</strong></span> <span class='ocrx_word' id='word_1_608' title='bbox 2690 3430 2895 3502; x_wconf 87' lang='lat' dir='ltr'><strong>anima,</strong></span> <span class='ocrx_word' id='word_1_609' title='bbox 2925 3445 3067 3503; x_wconf 88' lang='lat' dir='ltr'><strong>quae</strong></span> <span class='ocrx_word' id='word_1_610' title='bbox 3094 3429 3353 3504; x_wconf 75' lang='lat' dir='ltr'><strong>vegetati·</strong></span> 
     </span>
     <span class='ocr_line' id='line_1_89' title="bbox 1910 3506 3401 3577; baseline -0.002 -2"><span class='ocrx_word' id='word_1_611' title='bbox 1910 3537 2043 3577; x_wconf 85' lang='lat' dir='ltr'><strong>vam</strong></span> <span class='ocrx_word' id='word_1_612' title='bbox 2068 3523 2128 3576; x_wconf 90' lang='lat' dir='ltr'><strong>et</strong></span> <span class='ocrx_word' id='word_1_613' title='bbox 2154 3517 2476 3576; x_wconf 83' lang='lat' dir='ltr'><strong>sensitivam</strong></span> <span class='ocrx_word' id='word_1_614' title='bbox 2502 3518 2809 3575; x_wconf 79' lang='lat' dir='ltr'><strong>virtualiter</strong></span> <span class='ocrx_word' id='word_1_615' title='bbox 2828 3518 3086 3576; x_wconf 85' lang='lat' dir='ltr'><strong>includat.</strong></span> <span class='ocrx_word' id='word_1_616' title='bbox 3386 3506 3401 3523; x_wconf 62' lang='lat'>⁸</span> 
     </span>
     <span class='ocr_line' id='line_1_90' title="bbox 1765 3606 3352 3682; baseline -0.002 -16"><span class='ocrx_word' id='word_1_617' title='bbox 1765 3608 1885 3667; x_wconf 81' lang='lat' dir='ltr'><strong>vn.</strong></span> <span class='ocrx_word' id='word_1_618' title='bbox 1914 3608 2209 3682; x_wconf 64' lang='lat' dir='ltr'><strong>Epistulas»,</strong></span> <span class='ocrx_word' id='word_1_619' title='bbox 2232 3607 2499 3677; x_wconf 85' lang='lat' dir='ltr'><strong>Tyranno</strong></span> <span class='ocrx_word' id='word_1_620' title='bbox 2508 3606 2787 3663; x_wconf 85' lang='lat' dir='ltr'><strong>Phalaridi</strong></span> <span class='ocrx_word' id='word_1_621' title='bbox 2810 3608 3131 3681; x_wconf 79' lang='lat' dir='ltr'><strong>adscriptas,</strong></span> <span class='ocrx_word' id='word_1_622' title='bbox 3154 3624 3352 3681; x_wconf 86' lang='lat' dir='ltr'><strong>suppo-</strong></span> 
     </span>
     <span class='ocr_line' id='line_1_91' title="bbox 1913 3696 3349 3767; baseline -0.001 -14"><span class='ocrx_word' id='word_1_623' title='bbox 1913 3697 2070 3753; x_wconf 85' lang='lat' dir='ltr'><strong>sitias</strong></span> <span class='ocrx_word' id='word_1_624' title='bbox 2120 3696 2459 3753; x_wconf 84' lang='lat' dir='ltr'><strong>crediderim.</strong></span> <span class='ocrx_word' id='word_1_625' title='bbox 2541 3696 2689 3753; x_wconf 88' lang='lat' dir='ltr'><strong>Nam</strong></span> <span class='ocrx_word' id='word_1_626' title='bbox 2736 3696 2905 3751; x_wconf 79' lang='lat' dir='ltr'><strong>Siculi</strong></span> <span class='ocrx_word' id='word_1_627' title='bbox 2946 3696 3121 3752; x_wconf 73' lang='lat' dir='ltr'><strong>Doroe</strong></span> <span class='ocrx_word' id='word_1_628' title='bbox 3173 3700 3349 3767; x_wconf 86' lang='lat' dir='ltr'><strong>erant,</strong></span> 
     </span>
     <span class='ocr_line' id='line_1_92' title="bbox 1910 3782 3352 3858; baseline -0.003 -17"><span class='ocrx_word' id='word_1_629' title='bbox 1910 3782 2002 3841; x_wconf 85' lang='lat' dir='ltr'><strong>hie</strong></span> <span class='ocrx_word' id='word_1_630' title='bbox 2040 3800 2210 3858; x_wconf 83' lang='lat' dir='ltr'><strong>genus</strong></span> <span class='ocrx_word' id='word_1_631' title='bbox 2250 3783 2471 3841; x_wconf 78' lang='lat' dir='ltr'><strong>dicendi</strong></span> <span class='ocrx_word' id='word_1_632' title='bbox 2499 3784 2761 3839; x_wconf 89' lang='lat' dir='ltr'><strong>Atticum.</strong></span> <span class='ocrx_word' id='word_1_633' title='bbox 2832 3783 2993 3840; x_wconf 88' lang='lat' dir='ltr'><strong>Adde</strong></span> <span class='ocrx_word' id='word_1_634' title='bbox 3032 3783 3177 3856; x_wconf 90' lang='lat' dir='ltr'><strong>quod</strong></span> <span class='ocrx_word' id='word_1_635' title='bbox 3207 3783 3352 3838; x_wconf 82' lang='lat' dir='ltr'><strong>Atti-</strong></span> 
     </span>
     <span class='ocr_line' id='line_1_93' title="bbox 1912 3870 3354 3945; baseline -0.003 -14"><span class='ocrx_word' id='word_1_636' title='bbox 1912 3874 2113 3931; x_wconf 87' lang='lat' dir='ltr'><strong>cismus</strong></span> <span class='ocrx_word' id='word_1_637' title='bbox 2142 3872 2240 3928; x_wconf 90' lang='lat' dir='ltr'><strong>illo</strong></span> <span class='ocrx_word' id='word_1_638' title='bbox 2270 3876 2519 3945; x_wconf 88' lang='lat' dir='ltr'><strong>tempore</strong></span> <span class='ocrx_word' id='word_1_639' title='bbox 2547 3872 2753 3943; x_wconf 82' lang='lat' dir='ltr'><strong>durior,</strong></span> <span class='ocrx_word' id='word_1_640' title='bbox 2784 3876 2847 3927; x_wconf 90' lang='lat' dir='ltr'><strong>ut</strong></span> <span class='ocrx_word' id='word_1_641' title='bbox 2873 3870 3225 3944; x_wconf 73' lang='lat' dir='ltr'><strong>ThucydidiS,</strong></span> <span class='ocrx_word' id='word_1_642' title='bbox 3257 3872 3354 3927; x_wconf 86' lang='lat' dir='ltr'><strong>sed</strong></span> 
     </span>
     <span class='ocr_line' id='line_1_94' title="bbox 1912 3958 3353 4035; baseline -0.003 -14"><span class='ocrx_word' id='word_1_643' title='bbox 1912 3964 2018 4021; x_wconf 88' lang='lat' dir='ltr'><strong>hae</strong></span> <span class='ocrx_word' id='word_1_644' title='bbox 2045 3960 2268 4035; x_wconf 88' lang='lat' dir='ltr'><strong>sapiunt</strong></span> <span class='ocrx_word' id='word_1_645' title='bbox 2294 3964 2532 4016; x_wconf 88' lang='lat' dir='ltr'><strong>aetatem</strong></span> <span class='ocrx_word' id='word_1_646' title='bbox 2557 3959 2801 4017; x_wconf 63' lang='lat' dir='ltr'><strong>luciani.</strong></span> <span class='ocrx_word' id='word_1_647' title='bbox 2871 3960 3029 4017; x_wconf 81' lang='lat' dir='ltr'><strong>Certe</strong></span> <span class='ocrx_word' id='word_1_648' title='bbox 3066 3958 3165 4017; x_wconf 92' lang='lat' dir='ltr'><strong>ubi</strong></span> <span class='ocrx_word' id='word_1_649' title='bbox 3205 3976 3353 4016; x_wconf 87' lang='lat' dir='ltr'><strong>eom-</strong></span> 
     </span>
     <span class='ocr_line' id='line_1_95' title="bbox 1914 4048 3353 4123; baseline -0.002 -14"><span class='ocrx_word' id='word_1_650' title='bbox 1914 4051 2229 4109; x_wconf 86' lang='lat' dir='ltr'><strong>bustionem</strong></span> <span class='ocrx_word' id='word_1_651' title='bbox 2266 4049 2455 4106; x_wconf 87' lang='lat' dir='ltr'><strong>Perilli</strong></span> <span class='ocrx_word' id='word_1_652' title='bbox 2491 4048 2777 4123; x_wconf 88' lang='lat' dir='ltr'><strong>dependit,</strong></span> <span class='ocrx_word' id='word_1_653' title='bbox 2831 4049 3256 4107; x_wconf 82' lang='lat' dir='ltr'><strong>declamatorem</strong></span> <span class='ocrx_word' id='word_1_654' title='bbox 3292 4066 3353 4106; x_wconf 84' lang='lat' dir='ltr'><strong>se</strong></span> 
     </span>
    </p>
   </div>
   <div class='ocr_carea' id='block_1_6' title="bbox 1914 4141 2299 4217">
    <p class='ocr_par' dir='ltr' id='par_1_10' title="bbox 1914 4141 2299 4217">
     <span class='ocr_line' id='line_1_96' title="bbox 1914 4141 2299 4217; baseline -0.005 -20"><span class='ocrx_word' id='word_1_655' title='bbox 1914 4141 2105 4217; x_wconf 87' lang='lat' dir='ltr'><strong>prodit</strong></span> <span class='ocrx_word' id='word_1_656' title='bbox 2122 4142 2299 4197; x_wconf 88' lang='lat' dir='ltr'><strong>autor.</strong></span> 
     </span>
    </p>
   </div>
   <div class='ocr_carea' id='block_1_7' title="bbox 2321 4254 2800 4312">
    <p class='ocr_par' dir='ltr' id='par_1_11' title="bbox 2321 4254 2800 4312">
     <span class='ocr_line' id='line_1_97' title="bbox 2321 4254 2800 4312; baseline -0.006 0"><span class='ocrx_word' id='word_1_657' title='bbox 2321 4254 2800 4312; x_wconf 86' lang='lat' dir='ltr'><strong>Tantum.</strong></span> 
     </span>
    </p>
   </div>
   <div class='ocr_carea' id='block_1_8' title="bbox 1772 4405 2195 4421">
    <p class='ocr_par' dir='ltr' id='par_1_12' title="bbox 1772 4405 2195 4421">
     <span class='ocr_line' id='line_1_98' title="bbox 1772 4405 2195 4421; baseline 0 1429"><span class='ocrx_word' id='word_1_658' title='bbox 1772 4405 2195 4421; x_wconf 95' lang='lat' dir='ltr'><strong> </strong></span> 
     </span>
    </p>
   </div>
   <div class='ocr_carea' id='block_1_9' title="bbox 1770 4504 3355 4782">
    <p class='ocr_par' dir='ltr' id='par_1_13' title="bbox 1770 4504 3355 4782">
     <span class='ocr_line' id='line_1_99' title="bbox 1847 4504 3352 4564; baseline -0.003 -7"><span class='ocrx_word' id='word_1_659' title='bbox 1847 4504 1903 4564; x_wconf 84' lang='lat'><strong>¹)</strong></span> <span class='ocrx_word' id='word_1_660' title='bbox 1942 4510 2080 4557; x_wconf 73' lang='lat' dir='ltr'><strong>Haec</strong></span> <span class='ocrx_word' id='word_1_661' title='bbox 2099 4508 2367 4557; x_wconf 77' lang='lat' dir='ltr'><strong>corollaria</strong></span> <span class='ocrx_word' id='word_1_662' title='bbox 2384 4508 2696 4562; x_wconf 77' lang='lat' dir='ltr'><strong>reperiuntur</strong></span> <span class='ocrx_word' id='word_1_663' title='bbox 2722 4508 2871 4553; x_wconf 81' lang='lat' dir='ltr'><strong>etlam</strong></span> <span class='ocrx_word' id='word_1_664' title='bbox 2898 4508 2947 4553; x_wconf 80' lang='lat' dir='ltr'><strong>ln</strong></span> <span class='ocrx_word' id='word_1_665' title='bbox 2967 4508 3191 4553; x_wconf 67' lang='lat' dir='ltr'><strong>tutilone</strong></span> <span class='ocrx_word' id='word_1_666' title='bbox 3219 4510 3352 4563; x_wconf 79' lang='lat' dir='ltr'><strong>ope-</strong></span> 
     </span>
     <span class='ocr_line' id='line_1_100' title="bbox 1770 4579 3354 4637; baseline -0.002 -9"><span class='ocrx_word' id='word_1_667' title='bbox 1770 4594 1879 4629; x_wconf 82' lang='lat' dir='ltr'><strong>rnm</strong></span> <span class='ocrx_word' id='word_1_668' title='bbox 1916 4582 2131 4627; x_wconf 79' lang='lat' dir='ltr'><strong>omnium</strong></span> <span class='ocrx_word' id='word_1_669' title='bbox 2165 4579 2505 4637; x_wconf 78' lang='lat' dir='ltr'><strong>Lelbnltll,</strong></span> <span class='ocrx_word' id='word_1_670' title='bbox 2544 4588 2697 4633; x_wconf 74' lang='lat' dir='ltr'><strong>qnam</strong></span> <span class='ocrx_word' id='word_1_671' title='bbox 2718 4579 3085 4626; x_wconf 72' lang='lat' dir='ltr'><strong>Ludovleua</strong></span> <span class='ocrx_word' id='word_1_672' title='bbox 3112 4582 3354 4625; x_wconf 71' lang='lat' dir='ltr'><strong>Date-a</strong></span> 
     </span>
     <span class='ocr_line' id='line_1_101' title="bbox 1773 4650 3355 4709; baseline -0.002 -9"><span class='ocrx_word' id='word_1_673' title='bbox 1773 4652 1969 4701; x_wconf 76' lang='lat' dir='ltr'><strong>enravlt</strong></span> <span class='ocrx_word' id='word_1_674' title='bbox 2004 4654 2191 4699; x_wconf 81' lang='lat' dir='ltr'><strong>Genev.</strong></span> <span class='ocrx_word' id='word_1_675' title='bbox 2251 4650 2401 4709; x_wconf 77' lang='grc'><strong>1768,</strong></span> <span class='ocrx_word' id='word_1_676' title='bbox 2440 4651 2528 4699; x_wconf 79' lang='lat' dir='ltr'><strong>VI.</strong></span> <span class='ocrx_word' id='word_1_677' title='bbox 2568 4651 2683 4697; x_wconf 82' lang='lat' dir='ltr'><strong>Vol.</strong></span> <span class='ocrx_word' id='word_1_678' title='bbox 2734 4651 2787 4697; x_wconf 72' lang='lat'><strong>4.</strong></span> <span class='ocrx_word' id='word_1_679' title='bbox 2860 4651 3051 4705; x_wconf 73' lang='lat' dir='ltr'><strong>Quippe</strong></span> <span class='ocrx_word' id='word_1_680' title='bbox 3104 4651 3205 4707; x_wconf 76' lang='lat' dir='ltr'><strong>qul,</strong></span> <span class='ocrx_word' id='word_1_681' title='bbox 3244 4660 3355 4697; x_wconf 79' lang='lat' dir='ltr'><strong>eum</strong></span> 
     </span>
     <span class='ocr_line' id='line_1_102' title="bbox 1770 4722 3355 4782; baseline -0.003 -13"><span class='ocrx_word' id='word_1_682' title='bbox 1770 4724 1935 4781; x_wconf 80' lang='lat' dir='ltr'><strong>ipsam</strong></span> <span class='ocrx_word' id='word_1_683' title='bbox 1968 4723 2367 4769; x_wconf 76' lang='lat' dir='ltr'><strong>dissertationem</strong></span> <span class='ocrx_word' id='word_1_684' title='bbox 2403 4722 2708 4775; x_wconf 78' lang='lat' dir='ltr'><strong>deperditam</strong></span> <span class='ocrx_word' id='word_1_685' title='bbox 2742 4722 3049 4782; x_wconf 63' lang='lat' dir='ltr'><strong>opinaretur,</strong></span> <span class='ocrx_word' id='word_1_686' title='bbox 3088 4722 3355 4768; x_wconf 82' lang='lat' dir='ltr'><strong>corollaria</strong></span> 
     </span>
    </p>
   </div>
   <div class='ocr_carea' id='block_1_10' title="bbox 1734 4790 3359 4840">
    <p class='ocr_par' dir='ltr' id='par_1_14' title="bbox 1734 4790 3359 4840">
     <span class='ocr_line' id='line_1_103' title="bbox 1734 4790 3359 4840; baseline -0.002 -2"><span class='ocrx_word' id='word_1_687' title='bbox 1734 4806 1895 4840; x_wconf 76' lang='lat' dir='ltr'><strong>:vero</strong></span> <span class='ocrx_word' id='word_1_688' title='bbox 1942 4793 2185 4838; x_wconf 80' lang='lat' dir='ltr'><strong>inveniret</strong></span> <span class='ocrx_word' id='word_1_689' title='bbox 2219 4792 2294 4837; x_wconf 70' lang='lat' dir='ltr'><strong>luz</strong></span> <span class='ocrx_word' id='word_1_690' title='bbox 2340 4792 2655 4837; x_wconf 80' lang='lat' dir='ltr'><strong>Ludovlel</strong></span> <span class='ocrx_word' id='word_1_691' title='bbox 2700 4790 3081 4839; x_wconf 74' lang='lat' dir='ltr'><strong>Ausfsuirllcher</strong></span> <span class='ocrx_word' id='word_1_692' title='bbox 3126 4790 3359 4837; x_wconf 78' lang='lat' dir='ltr'><strong>Entwurt’</strong></span> 
     </span>
    </p>
   </div>
   <div class='ocr_carea' id='block_1_11' title="bbox 1774 4861 3355 5203">
    <p class='ocr_par' dir='ltr' id='par_1_15' title="bbox 1774 4861 3353 5131">
     <span class='ocr_line' id='line_1_104' title="bbox 1774 4861 3353 4918; baseline -0.004 -7"><span class='ocrx_word' id='word_1_693' title='bbox 1774 4866 1913 4911; x_wconf 81' lang='lat' dir='ltr'><strong>einer</strong></span> <span class='ocrx_word' id='word_1_694' title='bbox 1946 4864 2314 4918; x_wconf 69' lang='lat' dir='ltr'><strong>vollstandlgen</strong></span> <span class='ocrx_word' id='word_1_695' title='bbox 2349 4862 2571 4909; x_wconf 76' lang='lat' dir='ltr'><strong>Histoi-le</strong></span> <span class='ocrx_word' id='word_1_696' title='bbox 2606 4862 2695 4907; x_wconf 85' lang='lat' dir='ltr'><strong>der</strong></span> <span class='ocrx_word' id='word_1_697' title='bbox 2714 4862 3198 4909; x_wconf 74' lang='lat' dir='ltr'><strong>Lelbnltzischen</strong></span> <span class='ocrx_word' id='word_1_698' title='bbox 3232 4861 3353 4907; x_wconf 78' lang='lat' dir='ltr'><strong>Pni-</strong></span> 
     </span>
     <span class='ocr_line' id='line_1_105' title="bbox 1775 4930 3350 4994; baseline -0.004 -12"><span class='ocrx_word' id='word_1_699' title='bbox 1775 4936 2017 4994; x_wconf 73' lang='lat' dir='ltr'><strong>losoplne,</strong></span> <span class='ocrx_word' id='word_1_700' title='bbox 2053 4938 2179 4989; x_wconf 76' lang='lat' dir='ltr'><strong>Lpa.</strong></span> <span class='ocrx_word' id='word_1_701' title='bbox 2202 4935 2355 4994; x_wconf 63' lang='lat'><strong>1²8⁷,</strong></span> <span class='ocrx_word' id='word_1_702' title='bbox 2375 4953 2447 4963; x_wconf 89' lang='lat'>—</span> <span class='ocrx_word' id='word_1_703' title='bbox 2480 4938 2575 4980; x_wconf 81' lang='lat' dir='ltr'><strong>snb</strong></span> <span class='ocrx_word' id='word_1_704' title='bbox 2612 4934 2753 4980; x_wconf 74' lang='lat' dir='ltr'><strong>titulo</strong></span> <span class='ocrx_word' id='word_1_705' title='bbox 2792 4939 3017 4993; x_wconf 77' lang='lat' dir='ltr'><strong>„semem</strong></span> <span class='ocrx_word' id='word_1_706' title='bbox 3050 4930 3350 4989; x_wconf 70' lang='lat' dir='ltr'><strong>propo-nio·</strong></span> 
     </span>
     <span class='ocr_line' id='line_1_106' title="bbox 1775 4996 3349 5061; baseline -0.003 -8"><span class='ocrx_word' id='word_1_707' title='bbox 1775 5018 1893 5053; x_wconf 82' lang='lat' dir='ltr'><strong>num</strong></span> <span class='ocrx_word' id='word_1_708' title='bbox 1929 5019 1957 5053; x_wconf 91' lang='lat' dir='ltr'><strong>e</strong></span> <span class='ocrx_word' id='word_1_709' title='bbox 1994 5006 2325 5061; x_wconf 76' lang='lat' dir='ltr'><strong>disputatione</strong></span> <span class='ocrx_word' id='word_1_710' title='bbox 2356 5010 2519 5059; x_wconf 77' lang='lat' dir='ltr'><strong>metap</strong></span> <span class='ocrx_word' id='word_1_711' title='bbox 2532 4996 2749 5061; x_wconf 77' lang='lat' dir='ltr'><strong>byslea“</strong></span> <span class='ocrx_word' id='word_1_712' title='bbox 2786 5005 2989 5051; x_wconf 76' lang='lat' dir='ltr'><strong>editioni</strong></span> <span class='ocrx_word' id='word_1_713' title='bbox 3011 5014 3139 5050; x_wconf 86' lang='lat' dir='ltr'><strong>suae</strong></span> <span class='ocrx_word' id='word_1_714' title='bbox 3174 5013 3241 5049; x_wconf 79' lang='lat' dir='ltr'><strong>ea</strong></span> <span class='ocrx_word' id='word_1_715' title='bbox 3270 5002 3349 5049; x_wconf 82' lang='lat' dir='ltr'><strong>ln-</strong></span> 
     </span>
     <span class='ocr_line' id='line_1_107' title="bbox 1775 5076 2572 5131; baseline -0.004 -7"><span class='ocrx_word' id='word_1_716' title='bbox 1775 5079 1937 5125; x_wconf 82' lang='lat' dir='ltr'><strong>seruit</strong></span> <span class='ocrx_word' id='word_1_717' title='bbox 1970 5080 2105 5123; x_wconf 80' lang='lat' dir='ltr'><strong>Tom.</strong></span> <span class='ocrx_word' id='word_1_718' title='bbox 2124 5078 2187 5121; x_wconf 91' lang='lat'><strong>11.</strong></span> <span class='ocrx_word' id='word_1_719' title='bbox 2223 5078 2280 5122; x_wconf 82' lang='lat' dir='ltr'><strong>P.</strong></span> <span class='ocrx_word' id='word_1_720' title='bbox 2306 5077 2349 5121; x_wconf 86' lang='lat'><strong>1.</strong></span> <span class='ocrx_word' id='word_1_721' title='bbox 2386 5088 2434 5131; x_wconf 80' lang='lat' dir='ltr'><strong>p.</strong></span> <span class='ocrx_word' id='word_1_722' title='bbox 2454 5076 2572 5123; x_wconf 75' lang='lat'><strong>4⁰0.</strong></span> 
     </span>
    </p>

    <p class='ocr_par' dir='ltr' id='par_1_16' title="bbox 1851 5142 3355 5203">
     <span class='ocr_line' id='line_1_108' title="bbox 1851 5142 3355 5203; baseline -0.004 -9"><span class='ocrx_word' id='word_1_723' title='bbox 1851 5142 1910 5203; x_wconf 82' lang='lat'><strong>²)</strong></span> <span class='ocrx_word' id='word_1_724' title='bbox 1948 5148 2183 5195; x_wconf 74' lang='lat' dir='ltr'><strong>mendose</strong></span> <span class='ocrx_word' id='word_1_725' title='bbox 2220 5148 2464 5196; x_wconf 65' lang='lat' dir='ltr'><strong>Ducena</strong></span> <span class='ocrx_word' id='word_1_726' title='bbox 2510 5148 2543 5194; x_wconf 86' lang='lat'><strong>1.</strong></span> <span class='ocrx_word' id='word_1_727' title='bbox 2568 5159 2609 5193; x_wconf 84' lang='lat' dir='ltr'><strong>c.</strong></span> <span class='ocrx_word' id='word_1_728' title='bbox 2647 5148 2844 5195; x_wconf 83' lang='lat' dir='ltr'><strong>serlblt:</strong></span> <span class='ocrx_word' id='word_1_729' title='bbox 2882 5150 3188 5192; x_wconf 81' lang='lat' dir='ltr'><strong>aeternae</strong></span> <span class='ocrx_word' id='word_1_730' title='bbox 3224 5143 3355 5190; x_wconf 77' lang='lat' dir='ltr'><strong>slent</strong></span> 
     </span>
    </p>
   </div>
   <div class='ocr_carea' id='block_1_12' title="bbox 1775 5219 1979 5267">
    <p class='ocr_par' dir='ltr' id='par_1_17' title="bbox 1775 5219 1979 5267">
     <span class='ocr_line' id='line_1_109' title="bbox 1775 5219 1979 5267; baseline -0.005 -1"><span class='ocrx_word' id='word_1_731' title='bbox 1775 5219 1979 5267; x_wconf 77' lang='lat' dir='ltr'><strong>numeri.</strong></span> 
     </span>
    </p>
   </div>
  </div>
 </body>
</html>
