3717 5850
1840 505 2266 602 LXVIII.

1230 691 1365 764 AD
1422 685 2403 764 REVERENmssmUM
2457 685 2870 762 PATREM

1038 857 1611 982 DEs
1836 854 3074 1022 BossEs

1645 1077 2044 1152 Evlsmmss
2087 1075 2459 1146 QUATUOR.

1559 1309 1890 1399 1708
1987 1316 2114 1394 et
2213 1301 2570 1397 1709.

1264 1572 1524 1628 (laelbn.
1563 1577 1688 1634 opp.
1726 1577 1829 1626 sd.
1863 1579 2112 1624 nuten-
2147 1578 2272 1624 ‘rom
2307 1575 2372 1620 ΙΙ.
2408 1575 2470 1623 Ρ.
2511 1573 2559 1619 ¹.
2589 1583 2639 1630 p.
2677 1565 2842 1626 88⁰.)

852 1856 1407 1916 EPISTOLA
1482 1855 1588 1916 lx.

422 1983 803 2050 Admodum
842 1967 1231 2039 reverende
1260 1983 1492 2056 pater,
1533 1981 1772 2040 fautor
1797 1980 2014 2040 hono·

1025 2069 1401 2145 ratissime,

508 2215 653 2274 Utor
682 2215 870 2272 favore
896 2215 995 2270 tuo
1026 2217 1087 2269 et
1122 2212 1335 2272 litteras
1374 2211 1448 2270 ad
1474 2212 1747 2283 inclytum
1773 2210 2015 2270 Ptole-

422 2321 683 2367 maeum
712 2307 951 2360 vestium
978 2302 1179 2376 scribo,
1208 2319 1350 2375 quae
1376 2301 1481 2360 sub
1510 2302 1621 2358 tuis
1648 2307 1976 2360 commeent.

510 2392 787 2466 Singulari
821 2390 1059 2464 quadam
1099 2391 1416 2450 infelicitate
1452 2390 1679 2465 accidit,
1720 2397 1785 2448 ut
1815 2389 1940 2459 jam
1977 2406 2018 2446 a

422 2483 613 2544 multis
636 2469 957 2556 septimanis
993 2495 1167 2538 unum
1194 2483 1406 2538 tomum
1451 2496 1525 2535 ex
1566 2479 1744 2536 tribus
1781 2479 1853 2535 de
1889 2496 2018 2536 sen-

424 2573 600 2632 tentia
625 2585 836 2644 eorum,
880 2569 975 2642 qui
1003 2586 1061 2624 se
1088 2569 1142 2626 S.
1171 2568 1549 2639 Augustini
1590 2567 1882 2642 discipulos
1919 2585 2018 2642 ap-

425 2663 665 2740 pellant,
715 2673 991 2734 quaeram.
1064 2658 1264 2715 Curavi
1303 2663 1359 2716 et
1410 2657 1471 2714 in
1510 2657 1749 2714 Batavos
1794 2657 2019 2714 alterius

425 2751 669 2826 exempli
696 2748 866 2805 totius
892 2747 1079 2821 operis
1098 2763 1265 2804 causa
1284 2746 1469 2822 scribi,
1510 2745 1608 2802 sed
1650 2745 1896 2804 nondum
1923 2746 2021 2804 ad·

428 2837 617 2900 venit*
638 2837 871 2901 Habebo
899 2841 1085 2894 nmen
1112 2834 1257 2906 haud
1287 2835 1470 2908 dubie,
1511 2839 1569 2894 et
1595 2835 1643 2892 si
1670 2836 1870 2894 scirem
1898 2835 2022 2909 quis

428 2932 493 2989 in
520 2928 742 2989 Batavis
762 2926 1177 3001 Typogmphus,
1210 2932 1309 2985 aut
1332 2925 1648 2999 Bibliopola
1676 2926 1811 2983 talia
1828 2942 2022 3001 suppe-

429 3016 824 3093 ditarepossit,
854 3015 1674 3090 abeostatimpeticurarem.

518 3108 747 3167 Utinam
774 3110 920 3163 esset
944 3104 1143 3178 aliquis
1170 3105 1264 3177 qui
1293 3103 1569 3163 Petavii
1596 3120 1661 3161 ac
1686 3102 2023 3167 Thomas·

433 3198 578 3259 sini
607 3196 870 3269 dogmata
898 3193 1203 3267 theologica
1230 3194 1541 3253 absolveret
1569 3198 1628 3249 ct
1662 3192 2023 3266 continuaret,

432 3304 545 3346 non
574 3291 789 3343 tantum
808 3281 1060 3341 addendo
1078 3282 1231 3341 locos
1248 3282 1611 3353 Theologicos
1636 3280 1713 3337 ab
1736 3281 1845 3337 illis
1865 3298 2024 3354 prae·

434 3376 646 3448 teritos,
685 3372 781 3429 sed
808 3375 867 3429 et
893 3371 1169 3446 pergendo
1198 3387 1235 3427 a
1261 3370 1517 3429 Patribus
1538 3368 1613 3427 ad
1640 3370 2022 3427 scholasticos!

434 3463 533 3523 sed
563 3462 673 3519 tale
711 3460 919 3533 aliquid
946 3475 1061 3517 non
1090 3464 1274 3531 potest
1288 3458 1489 3535 suscipi
1518 3457 1625 3517 nisi
1654 3458 1713 3515 in
1740 3458 1883 3533 loco,
1927 3458 2024 3516 ubi

432 3566 667 3625 magnae
693 3551 820 3605 silut
844 3548 1228 3606 Bibliothecae.

524 3642 667 3699 Rem
691 3640 909 3709 gratam
936 3636 1120 3711 facies,
1148 3636 1197 3695 si
1226 3635 1444 3711 quando
1480 3654 1517 3694 a
1544 3636 1801 3693 Patribus
1828 3636 2026 3707 Anglis

435 3726 821 3789 leodiensium
847 3726 1213 3801 expiscaberis
1239 3729 1365 3800 quis
1406 3726 1501 3783 ille
1538 3726 1706 3783 fuerit
1730 3725 2025 3783 Thomas

434 3818 803 3881 Bonartes.
866 3816 1124 3891 Suspicor
1156 3816 1269 3873 alia
1306 3815 1581 3888 scripsisse
1610 3832 1745 3873 vero
1778 3815 2018 3873 nomine.

522 3912 619 3969 An
658 3906 859 3980 aliquis
896 3906 1191 3964 Thomas
1230 3904 1581 3965 Bur-nctus
1618 3904 1679 3961 in
1721 3908 1908 3961 vestra
1931 3921 2022 3961 so-

434 4003 633 4061 cietato
660 3996 802 4053 tuitz

522 4086 644 4143 Etsi
679 4082 961 4142 Librarius
1007 4086 1194 4139 noster
1236 4080 1535 4139 admodum
1584 4082 1915 4153 negligenter
1961 4082 2024 4137 in

434 4172 795 4237 exscribendo
826 4174 1071 4229 versatus
1098 4170 1189 4243 sit,
1220 4169 1438 4227 mittam
1467 4174 1653 4225 tamen
1678 4170 1855 4227 adhuc
1881 4170 2021 4229 duos

436 4266 674 4325 thaleros
708 4276 836 4319 cum
874 4260 1089 4317 duabus
1126 4257 1303 4315 tertiis
1317 4296 1333 4329 ‚
1374 4258 1578 4329 nequid
1614 4258 1849 4331 amplius
1887 4275 2023 4332 quo·

432 4368 666 4425 cunique
692 4350 915 4407 nomine
938 4352 1123 4423 petere
1151 4350 1249 4403 aut
1273 4345 1461 4418 quaeri
1501 4346 1703 4419 possit.
1746 4350 2022 4415 metemm

433 4442 639 4500 multas
665 4438 769 4497 tibi
796 4436 1000 4511 gratias
1032 4433 1222 4507 debeo,
1262 4432 1413 4507 quod
1438 4437 1518 4491 rei
1545 4450 1732 4493 eur-am
1760 4434 2020 4495 habuisti.

521 4528 731 4588 Positio
769 4519 915 4585 haud
953 4523 1117 4586 dubie
1153 4522 1291 4579 nihil
1328 4522 1477 4581 aliud
1516 4529 1602 4581 est
1626 4541 1793 4599 quam
1820 4526 2020 4584 modus

432 4619 536 4695 rei,
564 4622 627 4676 ut
654 4614 914 4693 prioritas
939 4617 1035 4673 aut
1060 4611 1451 4687 posterioritas.
1508 4614 1774 4672 Punctum
1801 4614 2020 4676 Mathe-

434 4709 695 4769 maticum
715 4706 895 4781 ipsum
906 4706 1108 4761 nonest
1118 4702 1225 4759 nisi
1236 4701 1451 4778 modus,
1472 4719 1667 4779 nempe
1678 4705 2016 4762 extremitas.

519 4797 710 4871 ltaque
735 4810 860 4852 cum
899 4792 1011 4850 duo
1035 4808 1267 4867 corpora
1295 4808 1354 4848 se
1390 4796 1612 4868 tangere
1638 4794 2018 4868 concipiuntur

432 4888 682 4961 adeoque
697 4882 1101 4955 conjunguntur
1123 4881 1234 4938 duo
1256 4886 1457 4956 puncta
1478 4882 1884 4957 mathematica,
1900 4899 2016 4941 non

432 4980 498 5036 fit
522 4994 596 5035 ex
612 4974 725 5033 illis
751 4990 898 5031 nova
924 4971 1131 5047 positio
1150 4987 1246 5027 seu
1276 4974 1474 5045 totum,
1495 4970 1643 5043 quod
1664 4972 1807 5028 foret
1826 4971 2017 5046 utique

429 5072 589 5143 parte
607 5062 807 5137 majus,
846 5078 973 5119 cum
991 5065 1176 5117 tamen
1185 5058 1417 5129 conjunc
1426 5059 1509 5117 tio
1517 5058 1746 5116 duarum
1756 5062 2015 5119 extremi-

430 5162 605 5213 tatum
614 5168 727 5212 non
746 5152 808 5208 fit
828 5151 1006 5221 major
1026 5166 1137 5207 una
1155 5146 1500 5206 extremitate
1520 5164 1633 5206 non
1654 5150 1829 5222 magis
1848 5166 2016 5223 quam

430 5244 595 5301 binae
644 5242 917 5318 perfectae
955 5240 1213 5297 tenebrae
1260 5239 1387 5295 sunt
1424 5236 1551 5295 unis
1598 5238 2012 5296 tenebrosiores.

2095 1856 2367 1915 Punctum
2416 1853 2617 1912 habere
2662 1853 2992 1930 positionem
3033 1852 3171 1912 nihil
3211 1854 3376 1915 aliud
3409 1859 3494 1912 est
3535 1871 3684 1929 qm-

2097 1945 2430 2022 pesitiouem
2459 1943 2736 2018 designari
2763 1959 2925 2018 posse
2949 1943 3048 2000 ubi
3071 1961 3281 2019 corpus
3305 1944 3512 2001 «finiuit.

2115 2075 2122 2084 -
2187 2035 2414 2093 Lanae
2453 2034 2621 2092 vestri
2649 2031 3146 2106 Magisterium
3171 2033 3354 2092 artis
3375 2039 3448 2092 et
3481 2039 3684 2092 uatu-

2099 2140 2214 2180 rae
2253 2123 2586 2194 Well'erbyti
2635 2127 2820 2198 extat,
2871 2123 3196 2182 Hanoverae
3251 2138 3372 2180 non
3413 2123 3680 2182 habam

2099 2213 2286 2270 Multa
2323 2210 2960 2284 suntiuillosmiptore
2993 2211 3230 2286 egregia,
3271 2213 3676 2284 ubiadl’hyn‘-

2099 2319 2222 2360 cam
2243 2301 2534 2376 specialem
2553 2299 2859 2372 doecendit3
2897 2301 3074 2358 sedin
3093 2301 3572 2374 speculationibus
3587 2319 3674 2358 nen

2099 2407 2271 2465 aeque
2301 2390 2466 2447 valet.
2535 2389 2664 2446 Vim
2693 2389 2999 2460 argmnenti
3026 2389 3144 2460 ejus
3169 2406 3246 2446 ex
3273 2391 3354 2446 iis
3375 2407 3524 2465 qme
3545 2391 3674 2466 μὴ

2101 2497 2214 2538 non
2241 2479 2376 2536 satis
2403 2477 2666 2553 intelligo.

2189 2569 2404 2626 Vellem
2441 2567 2784 2642 explicarent
2817 2567 3075 2626 distincte
3109 2571 3362 2624 mentem
3395 2585 3572 2642 sunni,
3599 2569 3672 2642 qu?

2103 2662 2306 2733 puncta
2333 2657 2524 2714 inflata
2551 2657 2715 2714 nobis
2743 2657 3044 2730 venditant,
3069 2657 3298 2731 phym'ce
3315 2657 3684 2728 indivis'hilia,

2103 2746 2472 2821 metaphysice
2512 2745 2829 2820 divisibilia,
2869 2762 3186 2818 quaererem
3215 2747 3359 2818 quid
3408 2750 3674 2806 matham-

2103 2837 2246 2894 tice‘l
2291 2833 2677 2894 Divisibiliaue
2701 2851 2776 2892 an
2803 2834 3158 2894 indivisibilia
3183 2835 3570 2895 arbitremur!
3603 2839 3674 2894 iti·

2102 2942 2298 2999 gorose
2333 2923 2605 3001 loquendo
2644 2925 2856 2983 nullum
2897 2926 2960 2983 in
2997 2930 3197 2983 natura
3223 2942 3442 3001 cor-pm
3467 2943 3674 3001 mquam

2103 3016 2176 3073 ad
2203 3017 2498 3089 perfectam
2519 3015 2758 3089 quietem
2786 3012 3074 3079 reducitur,
3101 3020 3272 3087 atque
3295 3016 3452 3075 adeo
3477 3034 3550 3075 ue
3567 3034 3676 3093 pm·

2104 3105 2296 3163 dulum
2323 3103 2563 3177 quidem.
2605 3103 2663 3161 Si
2691 3108 2880 3163 tamen
2904 3104 3172 3177 fingamus
3197 3103 3600 3173 (absh-alaude
3617 3106 3676 3161 ab

2107 3193 2232 3251 aliis
2267 3192 2624 3267 impulsibus)
2664 3192 2962 3267 pendulum
3007 3209 3174 3267 grave
3201 3195 3386 3251 semi-
3363 3195 3681 3253 -vihratioua

2107 3283 2210 3353 (ob
2239 3281 2604 3341 resistentiam
2629 3281 2839 3341 scilicet
2863 3281 3032 3353 aen-is)
3075 3282 3510 3341 determinatam
3545 3286 3681 3343 anit·

2107 3376 2222 3429 tere
2259 3370 2461 3429 virium
2503 3372 2744 3445 partem,
2775 3376 2834 3427 et
2871 3370 3094 3444 quidem
3133 3388 3353 3447 semper
3387 3378 3681 3448 aequales..

2106 3476 2249 3533 quae
2289 3460 2528 3533 praecise
2569 3460 2832 3517 metiatur
2867 3464 3040 3519 totam
3070 3460 3184 3519 vim
3223 3462 3476 3539 penduli,
3523 3466 3681 3539 usqu

2107 3549 2406 3608 novissima
2441 3549 2626 3622 aliqua
2653 3548 3123 3607 semi-vibratione
3157 3551 3460 3609 enham-im
3489 3570 3681 3611 neem

2107 3642 2222 3711 esti
2271 3638 2368 3695 sed
2403 3638 2510 3695 etsi
2537 3638 2620 3695 vis
2655 3637 2957 3697 amittenda
2985 3655 3100 3697 non
3127 3640 3392 3699 metianu-
3421 3643 3550 3701 vim
3575 3662 3682 3719 pen·

2106 3727 2251 3800 duli,
2281 3732 2466 3785 tamen
2503 3727 2638 3785 baec
2661 3726 2982 3785 desuuetm.
3024 3729 3304 3787 Ponamns
3335 3732 3398 3787 in
3423 3738 3568 3791 aere
3589 3750 3682 3803 esa

2105 3814 2384 3889 quandam
2411 3809 2712 3894 (exiguam
2734 3816 2902 3889 licet)
2927 3818 3298 3893 tenacitatem,
3327 3830 3390 3877 et
3415 3828 3488 3879 ut
3517 3826 3602 3881 sic
3621 3824 3682 3891 effi

2104 3921 2227 3965 cam
2269 3904 2666 3981 viscositatem,
2707 3905 2781 3961 ad
2809 3920 2976 3979 quam
3008 3908 3382 3982 supe-andam
3415 3912 3476 3969 vi
3519 3914 3682 3985 aliqu

2103 4011 2246 4069 opus
2273 3996 2366 4069 sit,
2396 3999 2462 4051 ut
2487 4012 2676 4053 revera
2695 4012 2814 4051 rem
2833 4012 2894 4053 se
2911 3994 3112 4055 habere
3132 4004 3292 4071 puto:
3343 4002 3682 4069 manitestma

2103 4088 2206 4157 est,
2236 4084 2504 4158 impetum
2539 4084 2764 4159 penduli
2785 4101 2856 4141 eo
2895 4100 3068 4159 usque
3091 4102 3255 4160 posse
3279 4088 3600 4165 debilitari,
3635 4103 3680 4145 u

2105 4189 2220 4231 non
2259 4173 2494 4247 amplius
2531 4177 2716 4231 aerem
2756 4190 3108 4249 perrumpere
3143 4183 3344 4251 queat,
3393 4178 3560 4251 idque
3595 4180 3680 4235 alie

2103 4262 2325 4335 quando
2352 4261 2648 4339 continget,
2687 4262 2815 4321 licet
2853 4279 2966 4321 nou
2995 4266 3234 4337 porrecte
3267 4268 3434 4325 situm
3461 4270 3680 4325 muca·

2104 4352 2214 4409 lem
2239 4350 2570 4425 acquisierit,
2597 4367 2723 4409 cum
2749 4350 3680 4431 scilicetabeotampnrumabest,

2103 4444 2166 4497 ut
2192 4439 2358 4497 nimis
2375 4438 2600 4513 oblique
2617 4440 2992 4499 deecmdeutis
3017 4443 3320 4517 gravitatio
3339 4444 3680 4505 uincitur-u

2105 4530 2318 4586 vincere
2355 4534 2608 4605 nequeat,
2649 4535 2780 4588 tunc
2815 4530 2962 4588 euim
2991 4532 3406 4607 intercipientur
3429 4550 3576 4609 quae
3603 4552 3680 4593 si·

2101 4621 2379 4691 peressent
2409 4617 2760 4692 vibrationes,
2791 4620 2842 4676 si
2869 4620 3054 4678 minor
3071 4622 3218 4679 aeris
3240 4626 3504 4683 tenacitas
3525 4627 3680 4683 foret.

2099 4706 2206 4764 Sed
2235 4707 2283 4764 si
2313 4707 2396 4764 vis
2423 4708 2614 4779 quavis
2651 4708 3143 4767 semi-vibratione
3165 4714 3492 4787 amittanda,
3531 4716 3680 4771 rueti-¹

2097 4802 2249 4854 retur
2275 4802 2467 4855 exacte
2495 4796 2609 4853 vim
2636 4796 2878 4873 penduli,
2921 4816 3017 4857 scu
3055 4800 3532 4869 haberetsaeead
3573 4818 3680 4865 eu

2097 4889 2158 4941 ut
2185 4886 2368 4943 unitas
2394 4884 2468 4943 ad
2507 4902 2797 4944 numerum
2823 4887 3091 4960 integrum
3111 4890 3454 4968 rationalem,
3483 4894 3680 4951 exi-n

2098 4973 2298 5031 uitetur
2334 4974 2418 5031 vis
2460 4976 2681 5049 penduli
2719 4977 2782 5034 in
2823 4976 2943 5051 ipso
2980 4979 3088 5035 situ
3129 4981 3379 5039 verticuli
3607 4984 3620 4997 ’

2095 5062 2286 5137 Itaque
2305 5064 2474 5119 etiam
2493 5064 2552 5121 in
2573 5082 2642 5123 eo
2659 5082 2892 5125 erronea
2917 5073 3002 5124 est
3026 5068 3260 5127 Lanae
3284 4998 3680 5145 posim

2096 5152 2215 5209 vult
2241 5153 2549 5210 necessario
2576 5156 2813 5228 quietem
2841 5154 2960 5213 fieri
2985 5156 3184 5215 deum
3206 5158 3268 5215 in
3287 5160 3399 5217 sun
3419 5144 3680 5229 verse-n

2095 5241 2235 5299 Cum
2280 5244 2513 5301 fortasse
2551 5260 2680 5302 raro
2709 5260 2899 5304 revera
2925 5246 3064 5304 situs
3089 5246 3313 5323 penduli
3339 5250 3598 5323 perfecte
3621 5250 3680 5313 d
