3717 5850
363 329 502 393 ιη
821 291 838 331 ‘
1602 326 2391 410 PRAEFATlss

369 465 521 533 -des
565 485 834 533 oeuvres
875 461 958 530 de
999 457 1284 530 Leibnitz
1323 459 1386 528 le
1429 463 1568 530 soin
1609 460 1693 530 de
1735 461 1979 530 donner
2020 483 2101 530 en
2144 461 2345 530 entier
2388 469 2599 529 tontes
2642 481 2747 528 ses
2790 460 3051 530 lettres..
3066 511 3081 526 .
3096 511 3111 527 .
3212 459 3397 530 Nous
3439 483 3653 530 avons

367 582 538 672 »pris
581 579 642 647 le
685 579 846 670 parti
889 576 1032 646 d'en
1077 575 1321 646 donner
1359 577 1442 642 ici
1486 576 1602 644 des
1645 578 1919 645 extraits.
2002 574 2189 645 Nous
2234 599 2315 644 en
2357 599 2560 645 ‚avons
2600 575 2929 645 retranche
2972 575 3068 676 les
3110 575 3453 646 discutions
3498 579 3649 642 me-

365 695 816 789 taphysiqu'es
873 695 982 785 qui
1023 713 1188 760 nous
1231 701 1344 761 ont
1385 715 1544 784 paru
1601 703 1744 784 trop
1789 691 2047 761 subtiles
2104 703 2171 760 et
2210 703 2354 784 trop
2398 689 2789 783 alambiques
2846 714 3009 784 pour
3052 691 3189 760 etre
3230 689 3557 784 agreables
3608 713 3653 756 a

364 833 520 879 nos
562 806 900 892 Lecteurs,
959 817 1023 876 et
1065 817 1262 897 peut·
1231 807 1412 875 -etre
1455 807 1672 876 meme
1713 818 1856 899 trop
1900 806 2321 899 dangereuses
2364 806 2522 874 des·
2536 805 2597 874 la
2650 829 2777 898 que
2818 829 2981 875 nous
3040 830 3125 876 ne
3168 808 3480 900 pouvions
3522 828 3653 897 pas

365 949 448 1016 -γ
499 923 746 1017 joindre
793 923 888 992 les
943 922 1259 1016 repliques
1317 921 1398 989 de
1452 921 1567 990 Mr-
1613 921 1957 991 Amaulda·
2002 961 2094 973 —
2147 921 2371 1013 Itaque
2414 925 2650 1004 evenit,
2703 931 2775 988 ut
2814 922 2881 990 in
2924 921 3022 990 his
3076 925 3443 1014 fragmentis
3486 919 3651 988 nihil

355 1039 657 1123 invenias,
716 1039 884 1132 quod
929 1035 1190 1107 consilio
1233 1037 1424 1130 hujus
1467 1061 1652 1106 meae
1696 1036 1985 1106 editionis
2040 1036 2434 1129 respondeat.
2524 1036 2639 1119 At,
2681 1039 2863 1128 quasi
2905 1037 3187 1129 cupediis
3228 1061 3347 1106 nos
3390 1036 3653 1106 allicere

356 1154 690 1238 voluisset,
735 1155 936 1223 editor
975 1155 1093 1220 iste
1133 1153 1498 1244 fragmentis
1545 1155 1675 1220 suis
1720 1155 2157 1221 annotationes
2204 1151 2527 1244 adspersit,
2572 1175 2755 1242 quae,
2802 1175 2999 1243 quam
3042 1155 3259 1245 gravia
3302 1155 3427 1222 sint
3470 1173 3651 1242 quae

354 1271 700 1352 reticuerit,
752 1275 1122 1337 monstrant.
1212 1265 1428 1335 Veluti
1481 1291 1566 1335 ex
1621 1268 1888 1360 epistola
1930 1266 2321 1337 Leibnitiana
2376 1267 2433 1334 d.
2482 1267 2542 1334 d.
2591 1266 2691 1334 12.
2737 1267 2887 1360 Apr.
2937 1272 3109 1340 1686
3168 1266 3323 1336 nihil
3373 1268 3653 1336 inseruit

356 1411 418 1479 p.
449 1385 598 1454 190.
641 1387 762 1453 nisi
801 1383 1180 1477 paucissima
1208 1381 1402 1450 verba
1445 1385 1862 1475 praeconium
1892 1383 2167 1452 Arnaido
2214 1382 2565 1466 tribuentia,
2608 1385 2811 1474 iisque
2852 1381 3020 1452 hanc
3062 1373 3397 1451 subnexuit
3432 1405 3645 1451 anno-

356 1501 690 1570 tationem:
785 1531 814 1556 ·
833 1497 1032 1566 Nous·
1063 1499 1468 1590 supprimons
1510 1497 1573 1567 le
1615 1508 1782 1566 reste
1825 1497 1905 1566 de
1948 1508 2115 1567 cette
2154 1496 2337 1566 lettre
2394 1501 2503 1590 qui
2548 1507 2644 1565 est
2685 1499 2815 1566 tres
2855 1497 3105 1591 longue.
3192 1497 3311 1568 Mr.
3352 1496 3649 1566 Leibnitz

361 1641 448 1708 »y
501 1614 852 1706 developpe
908 1637 1028 1682 son
1069 1613 1382 1704 systssme,
1439 1637 1562 1704 que
1617 1611 1680 1680 la
1722 1615 1942 1682 notion
2000 1637 2091 1682 ou
2132 1614 2593 1683 consideration
2642 1612 3043 1682 individuelle
3094 1613 3360 1682 d'Adam
3412 1637 3499 1681 ou
3560 1611 3649 1679 de

361 1741 582 1799 -.toute
623 1739 804 1798 autre
860 1751 1173 1821 personne
1217 1731 1495 1796 enferme
1547 1752 1674 1796 une
1717 1730 1834 1796 fois
1880 1751 2041 1821 pour
2082 1738 2295 1798 toutes
2334 1727 2399 1796 la
2440 1729 2895 1798 connoissance
2934 1727 3017 1796 de
3060 1749 3137 1796 cc
3179 1753 3307 1820 que
3347 1727 3436 1796 lui
3478 1730 3643 1796 arri-

361 1869 550 1914 -vera
597 1846 635 1912 a
674 1846 902 1938 jamais
948 1856 1012 1912 et
1055 1845 1094 1912 Ξι
1139 1867 1209 1910 sa
1255 1845 1608 1934 posterus.-
1683 1842 1983 1912 Similiter
2024 1845 2089 1911 in
2134 1843 2398 1936 epistola
2444 1842 2501 1911 d.
2536 1845 2639 1912 14.
2668 1843 2793 1910 sul.
2826 1847 3003 1914 1686
3046 1845 3397 1935 conscripta
3442 1841 3641 1910 Leib-

351 1961 540 2030 nitius
585 1959 788 2028 multa
829 1957 912 2026 de
957 1957 1234 2050 possibili
1280 1968 1344 2025 et
1387 1957 1616 2025 actuali
1671 1957 2065 2026 disseruerat.
2158 1960 2403 2046 Quibus
2460 1960 2711 2027 omissis
2754 1959 2953 2028 editor
2995 1956 3289 2028 lacunam
3331 1957 3431 2026 his
3470 1957 3641 2025 indi-

282 2166 292 2175 ,
352 2086 459 2146 cat
497 2073 710 2142 verbis
751 2078 836 2167 (Ρ.
884 2077 1084 2159 193.);
1136 2071 1289 2139 ·Mr.
1333 2071 1616 2141 Leibnitz
1663 2071 1934 2164 emploie
1976 2075 2129 2142 trois
2174 2074 2443 2166 grandes
2486 2097 2682 2166 pages
2728 2075 2767 2144 a
2807 2075 3033 2144 rendre
3078 2099 3180 2144 sos
3224 2077 3489 2168 pensees
3534 2076 3641 2142 in-

357 2189 742 2283 ·telligibles,
787 2200 854 2257 et
895 2189 936 2256 a
979 2212 1060 2256 en
1103 2191 1256 2257 faire
1283 2191 1438 2272 voir,
1483 2187 1571 2256 dit
1585 2186 1701 2272 -il,
1743 2185 1809 2256 la
1851 2187 2097 2256 solidite
2128 2199 2193 2258 et
2222 2188 2711 2281 l'importance.·
2780 2189 2981 2260 Multo
3025 2192 3313 2283 graviora
3342 2189 3644 2258 videntur

349 2309 575 2390 fuisse,
619 2327 784 2398 quae
826 2304 1170 2373 Leibnitius
1216 2305 1548 2396 scripserat
1591 2302 1650 2370 d.
1697 2307 1802 2372 28.
1846 2301 2015 2371 Nov.
2061 2309 2271 2387 1686;
2326 2307 2507 2397 cujus
2552 2303 2853 2396 epistolae
2892 2308 3139 2376 initium
3182 2305 3245 2392 (l.
3288 2328 3343 2374 c.
3386 2328 3447 2397 Ρ.
3479 2304 3641 2392 195)

351 2423 511 2492 haec
553 2424 833 2490 continet
875 2416 1164 2488 Leibnitii
1205 2419 1426 2488 verba:
1521 2418 1738 2488 -Pour
1781 2441 1858 2488 ce
1903 2421 2013 2511 qui
2066 2431 2166 2490 est
2222 2420 2333 2488 des
2378 2421 2549 2490 deux
2590 2419 2915 2490 difficultes
2972 2444 3099 2514 que
3155 2444 3317 2489 vous
3370 2431 3641 2488 trouvez

357 2537 554 2608 -dans
597 2561 709 2604 ma
749 2535 964 2618 lettre,
1020 2535 1190 2603 l'une
1234 2531 1542 2602 touchant
1593 2533 2099 2628 l'hypothese
2153 2536 2243 2605 de
2294 2536 2367 2604 la
2422 2539 3033 2604 concomitance
3078 2558 3165 2602 ou
3206 2534 3475 2604 l'accord
3522 2535 3641 2604 des

355 2652 766 2722 -substances
809 2650 1149 2732 entr’elleS,
1205 2649 1426 2718 l’autre
1467 2649 1772 2720 touchant
1821 2649 1885 2720 la
1928 2663 2153 2721 nature
2206 2653 2320 2722 des
2364 2655 2595 2721 formes
2650 2651 2763 2720 des
2816 2651 3182 2720 substances
3236 2649 3642 2742 corporelles,

359 2773 645 2862 -j'avoue
703 2767 962 2860 qu'elles
1017 2775 1164 2834 sont
1205 2765 1695 2850 considerables,
1754 2776 1818 2834 et
1874 2768 1928 2834 si
1974 2770 2066 2859 j'y
2122 2771 2391 2861 pouvois
2434 2769 2735 2836 satisfaire
2779 2767 3220 2848 entierement,
3267 2767 3334 2858 je
3374 2768 3643 2834 croirois

356 2887 664 2980 -pouvoir
717 2881 1046 2953 dechiffrer
1099 2881 1196 2950 les
1252 2880 1394 2974 plus
1449 2881 1682 2974 grands
1735 2892 1971 2951 secrets
2028 2883 2109 2952 de
2162 2883 2224 2952 la
2278 2893 2501 2953 nature
2556 2881 2945 2953 universelle.
2968 2919 2997 2943 ·
3134 2881 3335 2951 Avide
3384 2885 3643 2975 roganti

347 3024 504 3069 num
555 3000 682 3067 hoc
736 3000 874 3089 ipso
935 3008 1224 3090 tempore
1276 2996 1623 3066 Leibnitius
1685 2999 2007 3090 integrum
2066 3010 2344 3091 systema
2395 2998 2764 3068 harmoniae
2814 2998 3273 3091 praestabilitae
3327 3002 3461 3092 jam
3518 3024 3639 3068 ex-

349 3124 655 3182 structum
671 3166 689 3197 ,
766 3123 876 3180 aut
927 3122 1099 3180 certe
1152 3115 1328 3180 initia
1383 3116 1520 3205 ejus
1581 3116 1836 3182 inventa
1898 3112 2215 3199 habuerit,
2294 3114 2493 3185 editor
2544 3113 2881 3206 respondet
2933 3119 3029 3206 (p.
3075 3116 3240 3202 195)
3298 3148 3328 3172 ¹·
3348 3114 3641 3183 Leibnitz

355 3226 668 3319 ..emploie
710 3229 858 3317 pres
903 3226 981 3295 de
1023 3226 1163 3295 huit
1206 3226 1474 3320 grandes
1519 3251 1716 3321 pages
1761 3230 1800 3295 a
1843 3230 2155 3321 rel-pondre
2200 3230 2237 3297 ἒι
2282 3254 2389 3297 ces
2434 3231 2601 3297 deux
2644 3228 3025 3297 difficultesu·
3090 3268 3177 3279 —
3223 3229 3413 3297 Haud
3454 3229 3639 3297 aliter

347 3344 650 3438 epistolae
695 3343 1032 3436 Gottingae
1085 3344 1144 3411 d.
1201 3344 1309 3411 30.
1351 3343 1499 3435 Apr.
1559 3347 1738 3413 1687
1791 3347 2187 3436 conscriptae
2240 3367 2371 3413 non
2424 3346 2544 3413 nisi
2598 3343 2924 3413 exordium
2978 3343 3249 3436 legimus
3303 3348 3397 3434 (p.
3444 3348 3635 3432 196),

350 3464 458 3529 cui
501 3460 832 3553 subjuncta
879 3468 976 3529 est
1017 3458 1178 3527 haec
1221 3460 1570 3528 annotatio:
1663 3458 1879 3527 -Tout
1916 3458 1981 3526 le
2032 3468 2201 3527 reste
2254 3458 2335 3526 de
2376 3470 2541 3527 cette
2581 3458 2766 3527 lettre
2820 3458 2903 3526 de
2944 3458 3051 3526 dix
3108 3456 3375 3550 grandes
3431 3482 3635 3551 pages

350 3586 486 3644 -est
554 3574 849 3668 employe'
917 3579 956 3643 a
1009 3573 1072 3642 la
1121 3574 1470 3641 discussion
1543 3571 1654 3639 des
1717 3573 1889 3643 deux
1939 3573 2273 3643 difficulte's
2340 3576 2775 3643 mentionnees
2842 3570 3001 3643 dans
3054 3573 3119 3643 la
3168 3574 3351 3642 lettre
3402 3577 3632 3665 prece-

351 3690 636 3763 ·dente.·
697 3730 783 3741 -—
841 3689 1070 3758 lisdem
1126 3689 1396 3779 denique
1437 3687 1644 3755 verbis
1689 3693 2224 3781 exspectationem
2266 3701 2544 3759 nostram
2587 3691 2841 3757 frustrat
2886 3687 3103 3771 editor,
3146 3710 3297 3756 cum
3341 3694 3426 3780 (p.
3474 3694 3633 3777 197)

343 3804 646 3897 epistolae
710 3804 768 3872 d.
827 3810 888 3873 9.
947 3806 1089 3871 Oct.
1151 3806 1323 3873 1687
1383 3803 1779 3893 conscriptae
1838 3803 2047 3872 solum
2104 3806 2433 3873 exordium
2490 3814 2555 3871 et
2610 3803 2801 3871 {inem
2857 3802 3175 3885 exhibeat,
3246 3800 3417 3871 illam
3471 3830 3633 3874 vero

345 3930 617 4011 partem,
683 3942 848 4010 quae
905 3922 1116 4011 ipsum
1177 3926 1624 4010 argumentum
1679 3927 1933 4001 tractet,
1992 3922 2266 4001 omittat,
2334 3921 2596 4009 ejusque
2636 3920 2702 3985 in
2746 3916 2887 3985 loco
2942 3916 3102 3985 haec
3156 3916 3350 3984 verba
3403 3932 3630 4010 ponat:

351 4032 474 4100 -Μ,
515 4031 799 4100 Leibnitz
842 4036 952 4101 fait
994 4036 1077 4100 ici
1133 4055 1214 4099 en
1258 4035 1404 4123 pres
1453 4031 1542 4100 de
1586 4034 1778 4100 treize
1833 4034 2105 4124 grandes
2148 4058 2343 4125 pages
2397 4031 2460 4099 la
2505 4030 2977 4122 rticapitulation
3035 4031 3115 4099 de
3162 4041 3337 4099 toute
3378 4031 3439 4099 la
3483 4060 3629 4103 ma-

354 4148 568 4228 -tiere,
614 4147 800 4238 apres
845 4149 997 4239 quoi
1039 4146 1084 4213 il
1115 4128 1251 4214 finit
1293 4148 1451 4213 ainsi
1495 4156 1655 4214 etc.-
1683 4187 1770 4198 —
1817 4149 2063 4235 Quibus
2110 4148 2403 4217 omnibus
2448 4147 2691 4215 collatis
2718 4146 3037 4213 neminem
3080 4148 3361 4237 profecto
3388 4145 3633 4233 latebit,

345 4261 426 4330 ad
471 4263 822 4331 accuratius
867 4261 1374 4355 cognoscendam
1419 4259 1882 4355 philosophiam
1903 4262 2191 4331 Leibnitii
2232 4263 2356 4333 hoc
2388 4265 2644 4331 maximi
2674 4285 2815 4329 esse
2858 4264 3184 4344 momenti,
3226 4271 3297 4329 ut
3343 4286 3456 4329 eae
3486 4268 3627 4353 epi-

345 4378 544 4446 stolae
585 4381 650 4447 in
683 4376 894 4445 lucem
940 4378 1222 4446 edantur.
1287 4378 1372 4445 Et
1399 4400 1548 4445 cum
1595 4400 1670 4445 ea
1715 4379 1796 4444 sit
1834 4376 1980 4447 felix
2022 4376 2351 4446 hominum
2394 4378 2633 4447 indoles
2662 4386 2753 4460 ut,
2798 4398 2963 4467 quae
3005 4377 3237 4469 cupido
3267 4387 3331 4445 et
3377 4377 3626 4447 deside-

343 4494 506 4559 rium
550 4503 1028 4585 prosequantur,
1073 4516 1150 4560 ea
1193 4516 1341 4585 spes
1384 4492 1672 4561 ostendat
1701 4503 2028 4585 tamquam
2074 4494 2307 4585 adeptu
2348 4494 2569 4578 facilia,
2610 4493 2794 4561 multi
2833 4494 2899 4561 ni
2924 4490 3121 4575 fallor,
3164 4496 3273 4585 qui
3314 4496 3380 4561 in
3401 4494 3451 4561 F
3454 4492 3629 4564 ederi

342 4606 710 4676 collectione
761 4632 952 4701 supra
993 4608 1246 4677 laudata
1299 4608 1466 4676 hanc
1507 4611 1977 4677 annotationem
2018 4608 2311 4701 legerint,
2366 4607 2453 4675 illi
2494 4609 2573 4677 ad
2618 4608 3000 4701 Bignonium
3045 4607 3345 4700 epistolae
3396 4608 3624 4700 adjun-

343 4732 542 4791 ctam:
641 4723 817 4792 »Les
860 4725 1075 4793 lettres
1129 4748 1258 4792 non
1299 4725 1666 4815 imprimees
1710 4723 2053 4793 d’Arnauld
2108 4734 2175 4793 et
2229 4723 2307 4791 de
2351 4723 2664 4808 Leibnitz,
2721 4748 2871 4816 que
2924 4722 2997 4791 la
3054 4722 3626 4815 Bibliotheque

350 4838 579 4930 »gard
597 4864 663 4922 e,
721 4851 833 4907 ont
889 4842 990 4907 ete
1048 4838 1428 4906 demandees
1485 4862 1566 4907 en
1623 4842 1836 4932 copies
1892 4864 2009 4932 par
2050 4839 2239 4931 Msgr.
2285 4837 2345 4905 le
2388 4838 2709 4906 Mare'chal
2750 4838 3009 4905 Mortier
3062 4862 3225 4929 pour
3265 4860 3354 4905 un
3398 4849 3626 4906 savant

351 4954 468 5021 -de
509 4954 709 5037 Paris,
751 4961 906 5022 c'est
949 4956 1264 5045 pourquoi
1313 4958 1379 5046 je
1423 4978 1530 5021 me
1575 4956 1706 5021 suis
1751 4954 2018 5023 abstenu
2061 4956 2142 5023 de
2183 4954 2277 5021 les
2319 4954 2559 5022 inserer
2601 4956 2711 5036 ici,
2754 4976 2838 5020 ne
2881 4951 3139 5019 voulant
3181 4976 3296 5044 pas
3341 4975 3621 5021 concon-

349 5074 472 5137 ·rir
514 5092 670 5139 avec
721 5068 784 5136 le
827 5068 1037 5139 dessin
1097 5075 1286 5160 qu'on
1331 5070 1614 5161 pourroit
1669 5072 1845 5138 avoir
1903 5094 1985 5139 en
2028 5070 2274 5139 France
2331 5066 2412 5134 de
2453 5068 2545 5137 les
2589 5072 2743 5137 faire
2782 5069 3139 5161 imprimer‚
3157 5101 3184 5122 ¹·
3239 5108 3327 5117 —
3382 5067 3449 5135 id
3492 5090 3624 5135 non

339 5186 648 5254 curabunt
693 5184 864 5277 quod
905 5185 1186 5255 Federus
1231 5208 1566 5253 numerum
1611 5184 2023 5279 epistolarum
2064 5209 2193 5255 non
2237 5184 2489 5271 indicat,
2534 5184 2649 5253 sed
2694 5185 2904 5251 statim
2948 5180 3233 5265 credent,
3288 5184 3353 5250 in
3397 5181 3621 5250 biblio-
