3717 5850
387 370 520 433 682
1259 360 1564 427 Lxxxn.
1605 361 1718 423 AD
1759 360 1899 423 Dus
1942 359 2201 421 BOSSES
2240 356 2595 421 Erls‘mha
2636 356 2777 419 XX·

391 528 543 584 mae,
585 510 674 567 vel
699 503 1004 565 Monades·
1045 519 1159 577 quo
1187 518 1318 561 essu
1355 503 1529 561 etiam
1570 502 1756 559 onmis
1781 514 1981 559 evane-
2062 498 2399 574 procurasti,
2442 512 2611 570 quam
2652 498 2833 569 legere
2869 510 3043 569 aveo,
3080 500 3141 553 et
3178 494 3337 569 qued
3374 510 3497 553 non
3538 510 3708 553 nnti-

393 603 569 659 soeret
591 595 856 653 extinctio
888 592 1080 667 realis,
1109 590 1314 651 nedum
1343 596 1546 665 motus,
1575 590 1733 661 eujus
1760 588 1985 647 realitas

391 689 464 745 ad
501 700 682 741 meras
717 684 1225 755 phaenomenorum
1267 678 1600 735 mutationes
1626 676 1985 776 redigeretur.

480 773 696 829 Vellem
755 768 956 841 aliquis
1017 768 1292 838 integrum
1351 770 1601 836 systema
1658 764 1694 820 J
1705 762 1999 821 ausonii·

392 862 451 919 in
483 856 812 931 compendio
839 855 1144 913 exhiberet.
1201 852 1426 925 Alioqui
1457 851 1680 909 difficile
1705 856 1791 909 est
1831 851 1893 907 in
1922 865 1985 906 re

391 954 509 1005 tam
551 946 814 1019 perplexa
827 985 844 1017 ,
899 943 970 999 de
997 944 1186 999 mente
1209 940 1334 1010 ejus
1383 945 1530 997 recte
1555 938 1822 1008 judieare.
1912 936 1984 995 Et

391 1032 860 1108 quemadmodum
909 1046 984 1087 ex
1031 1028 1430 1100 Augustino
1492 1027 1658 1100 plane
1705 1025 1985 1083 eunti-aria

393 1123 649 1179 videntur
675 1119 926 1192 exsculpi
954 1132 1116 1190 posse
1145 1114 1346 1189 verbis,
1377 1112 1499 1183 ejus
1537 1130 1570 1170 e
1601 1130 1702 1171 sua
1745 1113 1875 1171 θεὼ
1902 1112 1987 1169 di-

392 1210 584 1281 motis,
614 1209 698 1265 ita
725 1207 842 1265 lieri
871 1208 1072 1279 potest,
1102 1208 1166 1261 nt
1193 1203 1344 1260 idem
1370 1203 1406 1259 J
1416 1200 1712 1259 ansenio
1741 1200 1985 1259 eveniat:

393 1297 492 1354 sed
521 1312 696 1353 nexus
733 1292 1150 1351 meditationum
1192 1290 1385 1347 tollere
1412 1290 1552 1345 hane
1579 1288 1988 1347 dubitationem

395 1388 612 1459 potest,
651 1389 708 1441 et
751 1381 911 1439 valde
950 1383 1227 1461 versatum
1265 1394 1385 1433 esse
1413 1381 1635 1449 oportet
1661 1378 1724 1433 in
1750 1376 1989 1433 lectione

395 1468 781 1545 Augustini
827 1473 885 1524 et
935 1467 1208 1523 librorum
1257 1463 1380 1534 ejus
1427 1464 1774 1521 diversorum
1823 1478 1988 1521 nosse

395 1564 678 1631 tempora,
732 1571 958 1628 scopos,
1013 1553 1307 1629 synopsin,
1361 1551 1458 1624 qui
1497 1552 1630 1608 loeis
1669 1568 1743 1608 ex
1782 1568 1851 1608 eo
1890 1567 1988 1608 ex-

395 1644 596 1717 eerptis
647 1643 826 1714 decipi
877 1658 990 1699 non
1041 1642 1178 1697 vult.
1267 1640 1332 1697 ld
1371 1638 1507 1696 olim
1547 1639 1826 1696 nonnullis
1868 1637 1989 1707 ejm

396 1731 580 1789 verbis
617 1730 884 1787 curiosius
925 1729 1180 1802 inspeetis
1207 1728 1646 1785 animadvertere
1673 1726 1811 1783 mihi
1841 1726 1989 1783 visus

394 1834 538 1891 aum,
567 1834 746 1889 eoque
773 1834 918 1873 nunc
945 1832 1069 1873 sum
1099 1818 1275 1872 faetus
1302 1816 1768 1887 circumspectior.

479 1904 1004 1963 Hartsoekerus
1057 1903 1346 1975 promisit,
1397 1893 1458 1957 'se
1487 1904 1629 1958 ultra
1670 1900 1739 1957 de
1765 1899 1989 1957 Atomis

393 2010 510 2051 non
546 1993 968 2066 replicaturum,
1017 1991 1080 2047 in
1115 2007 1186 2048 eo
1222 1989 1510 2064 proposito
1547 1992 1893 2047 eonstautem
1928 2003 1991 2043 se

394 2081 680 2139 ostendere
707 2080 844 2135 vult.

480 2167 692 2225 Multus
731 2166 920 2239 utique
947 2165 1124 2223 habeo
1155 2163 1536 2221 meditationes
1563 2124 1988 2236 philosophieas,

394 2255 490 2313 sed
519 2254 767 2312 nondum
807 2252 1038 2309 editioni
1067 2256 1300 2325 paratas.
1391 2250 1521 2307 Ex·
1504 2252 1574 2306 iis
1602 2266 1670 2306 ea
1697 2265 1838 2321 quae
1868 2265 1988 2321 per-

395 2343 569 2400 tinent
607 2342 679 2398 ad
721 2340 869 2410 leges
899 2344 1084 2395 motus
1097 2378 1114 2411 ,
1155 2339 1402 2395 maxime
1429 2338 1500 2394 ad
1529 2337 1851 2395 elucidanda
1878 2336 1990 2392 Na-

395 2434 552 2486 turae
580 2427 852 2502 principia
883 2425 1149 2481 inservire
1178 2430 1423 2497 possunt.

483 2516 721 2573 Multum
755 2514 862 2570 tibi
887 2514 1070 2572 debeo
1086 2552 1103 2585 ,
1134 2512 1282 2585 quod
1311 2514 1466 2567 tanto
1495 2510 1678 2567 studio
1705 2509 1766 2565 in
1795 2508 1989 2566 libello

393 2618 522 2657 meo
559 2601 824 2657 vertendo
863 2598 1114 2655 versaris.
1204 2598 1417 2655 Vellem
1457 2597 1758 2655 invenisses
1803 2596 1860 2653 in
1900 2612 1987 2671 eo,

392 2702 535 2760 quae
563 2703 764 2759 operae
791 2687 1027 2759 pretinm
1058 2688 1232 2741 facere
1261 2688 1498 2757 possent.

481 2774 706 2829 Gratias
743 2788 850 2844 ago
877 2788 980 2843 pro
1018 2770 1466 2844 eommunieatis,
1505 2786 1648 2843 quae
1673 2770 1748 2827 ad
1786 2787 1878 2825 res
1904 2768 1986 2825 Si-

395 2874 596 2915 nensea
631 2859 928 2962 pertinent.
1016 2860 1239 2923 Quanto
1269 2858 1446 2928 magis
1476 2874 1543 2913 ea
1570 2857 1888 2933 considero,
1917 2874 1989 2914 eo

394 2948 572 3015 magis
621 2947 793 3003 miror
841 2947 1054 3002 Romae
1101 2945 1249 3017 fieri,
1299 2963 1443 3019 quae
1492 2945 1630 3001 mihi
1678 2945 1987 3018 perieulum

393 3033 686 3090 Minionis
737 3049 937 3104 angere
980 3033 1262 3105 videntur,
1312 3039 1370 3089 et
1395 3037 1548 3089 reeta
1575 3038 1804 3090 monent
1830 3033 1985 3090 Insi-

393 3121 511 3178 hni
523 3159 544 3193 ,
583 3135 820 3193 quorum
867 3121 1097 3178 interest
1137 3135 1252 3176 non
1281 3119 1486 3177 irritari
1518 3121 1875 3179 Menan-eham
1902 3121 1985 3176 Si-

391 3223 634 3268 nensem.
722 3209 948 3265 Interea
995 3223 1220 3280 vereor,
1275 3211 1335 3265 ut
1385 3207 1536 3280 Papa
1574 3210 1803 3282 probet,
1836 3209 1985 3281 quod

391 3297 637 3356 mitani
677 3297 791 3353 sibi
822 3295 918 3366 jus
957 3301 1286 3370 patronatus
1322 3297 1386 3352 in
1423 3295 1692 3352 Eoelaeias
1734 3297 1987 3353 Sinenses

390 3385 716 3444 attribuunt.

478 3472 656 3528 Nosse
698 3472 892 3546 velim,
934 3485 1008 3527 an
1035 3473 1105 3528 R.
1136 3472 1196 3527 P.
1225 3472 1712 3544 Turneminus,
1749 3471 1987 3543 promis·

393 3573 514 3614 sam
551 3557 1037 3616 Theodieaeae
1079 3575 1236 3615 meae
1275 3559 1648 3615 recensionem
1686 3554 1985 3614 'Primitia-

392 3645 478 3700 nis
505 3645 622 3700 suis
651 3645 806 3702 Actis
836 3645 1092 3702 litorariis
1119 3647 1422 3703 inseruerit.

477 3731 675 3788 Libros
705 3733 762 3788 in
785 3731 982 3788 scheda
1003 3733 1104 3788 bae
1125 3737 1346 3790 notatos
1367 3733 1638 3790 Dominus
1666 3730 1982 3787 Romers-

389 3815 708 3892 kirchen,
751 3819 974 3892 quando
1001 3815 1182 3893 volet,
1223 3821 1443 3877 mittere
1471 3819 1704 3892 poterit,
1743 3819 1981 3892 pretium

387 3906 645 3978 ascripsi:
685 3907 906 3977 qualem
948 3909 1182 3980 ipsemet
1207 3909 1402 3964 statuit
1429 3909 1644 3964 solvam
1671 3907 1980 3979 pecuniam,

387 3995 446 4046 et
473 4009 577 4066 pre
611 3994 698 4048 his
724 3998 783 4049 et
812 4009 914 4066 pro
943 3995 1156 4069 priore,
1185 3995 1269 4050 illi
1299 4011 1462 4067 quem
1493 3995 1627 4050 mihi
1657 3995 1983 4051 nominaris.

577 4079 796 4136 Interea
847 4083 969 4137 vale
1017 4087 1076 4138 et
1135 4084 1264 4138 fave
1373 4083 1593 4138 Dabam
1655 4083 1985 4138 Hanoverae

391 4163 496 4220 26.
529 4165 673 4223 Maii
713 4168 740 4223 l
755 4167 785 4221 7
802 4167 900 4224 12.

1175 4254 1560 4311 &ditissimus

1006 4342 1077 4397 G.
1143 4343 1212 4396 G.
1281 4341 1799 4399 Leibnitius.

810 4666 1364 4732 EPISTOLA
1416 4673 1556 4732 XX·

383 4783 1016 4893 Reverendissime
1079 4795 1317 4865 pater,
1383 4793 1623 4848 fautor
1687 4792 1981 4850 honora-

1030 4891 1332 4949 tissime.

472 5027 634 5084 Nava
661 5044 880 5102 semper
909 5031 1172 5086 bendima
1200 5031 1260 5086 in
1289 5045 1380 5086 me
1397 5033 1668 5106 cumulas,
1699 5033 1760 5090 in
1779 5035 1980 5107 quibus

381 5127 492 5170 non
521 5118 802 5188 postrema
829 5121 960 5174 sunt
988 5117 1137 5189 quod
1163 5117 1558 5178 Recensionem
1578 5119 1979 5182 Trivultiauam

2062 588 2223 647 eiasti
2250 589 2487 658 tantam,
2518 585 2614 643 sed
2640 588 2699 643 et
2726 584 3049 643 narratione
3068 584 3351 656 eondigm
3378 583 3669 641 illisu-asti

2068 674 2503 731 Eminentissimi
2542 672 2943 729 Ptolemaei
2978 672 3440 744 promotionemg
3478 671 3663 727 eniex

2066 764 2257 819 auimo
2296 760 2545 830 gratulor
2580 759 2777 817 litteris
2804 774 2947 833 (luas
2984 760 3339 833 emanue,
3376 762 3443 817 et
3478 762 3545 815 ut
3580 774 3663 815 ess

2066 848 2531 923 quemadmodum
2558 847 2841 920 obtulisti,
2872 862 3065 905 curare
3093 848 3261 921 velis,
3290 852 3452 922 peto.

2156 935 2484 993 Benefieinm
2532 936 2702 993 etiam
2752 934 2953 991 tribuis
2968 974 2986 1007 ,
3047 933 3182 993 dum
3238 936 3545 993 doetormu
3602 949 3667 989 ex

2068 1040 2223 1081 saera
2262 1023 2448 1080 schola
2488 1022 2737 1079 virorum
2774 1022 3075 1079 sententias
3108 1022 3249 1081 meis
3276 1022 3665 1095 qnlibum-

2067 1110 2807 1185 queeonspirantesnotas.
2898 1108 3669 1167 idenimtumadeonfir»

2070 1200 2353 1272 mnndum,
2402 1203 2525 1255 tum
2570 1198 2643 1255 ad
2694 1195 3114 1267 intelligendum
3156 1198 3471 1270 plurimun
3513 1196 3668 1253 valet.

2070 1286 2137 1343 R.
2170 1286 2229 1343 P.
2260 1284 2671 1343 sebastiani
2699 1283 3082 1357 Izquierdo
3110 1285 3249 1341 nihil
3276 1284 3441 1343 aliud
3474 1300 3569 1339 me
3596 1284 3669 1339 iu-

2071 1375 2279 1447 spioere
2305 1372 2565 1445 memini,
2590 1368 2773 1445 'quam
2800 1371 3009 1429 librum
3036 1372 3367 1443 inscriptum
3408 1372 3509 1428 Ph
3522 1386 3671 1427 aras

2071 1460 2585 1532 scientiarum,
2644 1475 2811 1532 quem
2854 1458 3077 1527 juvenis
3122 1460 3269 1531 vidit,
3330 1460 3441 1517 aed
3492 1458 3669 1515 idean

2072 1548 2192 1618 ejns
2220 1564 2363 1621 pene
2389 1547 2583 1619 amisi3
2620 1546 2894 1619 quaedam
2920 1546 3141 1619 phrases
3166 1546 3667 1619 Izquierdinae

2074 1636 2133 1693 in
2162 1636 2359 1693 loeisa
2388 1640 2447 1691 te
2477 1635 2779 1708 exoerplifl,
2816 1633 3098 1691 nonnihil
3124 1650 3161 1693 a
3190 1634 3665 1705 misdi-sonant,

2075 1723 2171 1780 sed
2222 1724 2283 1779 in
2334 1720 3053 1779 reeonsentirevidemur.
3144 1721 3251 1777 Ex·
3293 1737 3379 1793 gr.
3426 1722 3708 1777 emnait

2072 1812 2251 1867 Deum
2302 1810 2689 1867 necessitatum
2728 1809 2897 1865 fuisse
2938 1808 3251 1881 moraliter,
3300 1824 3427 1867 non
3458 1809 3667 1881 μιγείη

2072 1899 2145 1954 ad
2172 1897 2438 1955 mundum
2466 1898 2780 1969 creandum,
2808 1912 2915 1965 ego
2934 1895 3117 1953 disere
3138 1896 3335 1969 malui,
3360 1895 3661 1968 mor-aliter,

2073 2002 2185 2043 non
2216 1976 2617 2059 metaphysiee3
2667 1982 2963 2053 Physieam
2996 1983 3149 2040 enim
3186 1984 3583 2041 nenessitatem
3614 1983 3665 2037 in

2074 2073 2264 2131 libello
2315 2088 2443 2129 meo
2492 2073 2571 2129 sic
2621 2070 2891 2147 explicui,
2946 2074 3009 2128 ut
3056 2071 3131 2127 sit
3169 2086 3523 2143 consequeus
3562 2086 3665 2127 rno-

2072 2161 2221 2217 ralis.

2166 2245 2607 2320 Explicationem
2636 2246 3141 2319 phaenomenorum
3170 2246 3429 2303 omnium
3459 2262 3561 2319 per
3587 2263 3665 2302 so-
3707 2304 3708 2327 2

2074 2336 2159 2391 las
2196 2332 2511 2391 Monudnm
2562 2334 2939 2408 pereeptiones
2960 2334 3133 2394 ,inter
3172 2350 3231 2390 se
3268 2336 3663 2407 eonspinntes,
3707 2330 3708 2397 ἕ

2073 2423 2313 2495 seposita
2338 2421 2647 2478 substantia
2674 2438 2969 2495 eorporea,
2996 2422 3191 2479 utilem
3212 2438 3423 2479 oenseo
3450 2422 3527 2478 ad
3554 2423 3665 2477 fun-

2073 2510 2448 2567 damentalem
2498 2525 2687 2566 rerum
2711 2510 3141 2582 inspectionem.
3230 2509 3307 2565 Et
3342 2510 3453 2566 hoe
3504 2526 3665 2582 expo-
3707 2500 3708 2547 Ῐ

2074 2596 2240 2653 nendi
2282 2596 2453 2653 modo
2492 2596 2733 2669 spatium
2762 2598 2827 2653 fit
2864 2596 3005 2655 ordo
3032 2596 3465 2655 continentium
3506 2598 3661 2669 phae-
3707 2588 3708 2591 ’

2072 2700 2457 2758 nomenorum,
2488 2690 2552 2741 nt
2578 2690 2797 2757 tempus
2824 2685 3283 2755 sueeessivorum3
3314 2701 3425 2743 nee
3450 2684 3569 2741 ulla
3592 2690 3665 2740 st

2074 2773 2373 2829 monadum
2402 2772 2785 2845 propinquitas
2798 2810 2815 2845 ,
2856 2776 2956 2829 ant
2980 2772 3243 2829 distantia
3268 2772 3559 2845 spathlis,
3586 2774 3662 2827 vel

2072 2858 2353 2935 absoluta,
2406 2860 2723 2933 dieereque,
2774 2876 2894 2915 esse
2942 2859 3003 2917 in
3042 2864 3245 2934 puncto
3284 2860 3659 2934 conglobatas,

2072 2952 2169 3005 ant
2199 2949 2259 3004 in
2288 2949 2469 3020 spatio
2498 2947 2878 3004 disseminatas
2891 2986 2910 3019 ,
2952 2953 3039 3004 est
3066 2947 3405 3020 quibusdam
3442 2948 3660 3005 neumn-

2074 3037 2178 3093 bus
2208 3037 2381 3092 animi
2412 3035 2589 3092 nostri
2618 3035 2731 3108 uti,
2768 3035 2905 3092 dum
2943 3035 3235 3107 imaginari
3274 3036 3523 3092 libenter
3560 3035 3659 3091 vel-

2072 3123 2265 3196 lemus,
2293 3139 2437 3196 quae
2464 3127 2682 3178 tantum
2712 3121 2941 3192 intelligi
2970 3127 3216 3195 possunt.
3274 3123 3345 3180 ln
3373 3123 3481 3178 hae
3504 3124 3661 3178 etiam

2070 3211 2511 3267 eonsideratione
2548 3211 2703 3266 nulla
2740 3211 2979 3267 ooeurrit
3024 3209 3281 3266 extensio
3314 3215 3421 3267 aut
3446 3227 3661 3284 eomm-

2072 3297 2207 3354 sitio
2231 3298 2502 3370 eontinui,
2534 3303 2591 3354 et
2620 3313 2809 3353 omnes
2837 3297 2909 3354 de
2934 3297 3148 3371 punctis
3167 3298 3529 3355 diffieultates
3548 3315 3662 3354 eva-
3707 3305 3708 3318 ¹

2074 3390 2315 3442 noscunt.
2404 3387 2591 3458 Atque
2618 3385 2723 3442 hoc
2751 3389 2865 3457 est,
2892 3385 3042 3456 quod
3072 3383 3251 3442 disere
3281 3385 3437 3442 volui
3466 3387 3661 3444 alieubi

2076 3473 2137 3529 in
2179 3489 2305 3528 mea
2342 3473 2711 3544 Theodieaea,
2765 3471 3115 3529 difficultates
3158 3473 3227 3530 de
3260 3475 3665 3544 eomposifione

2069 3560 2318 3616 continui
2349 3559 2645 3616 admonere
2674 3577 2775 3615 nos
2804 3559 3021 3632 debere,
3052 3577 3139 3615 res
3165 3561 3331 3630 longe
3360 3561 3531 3617 aliter
3558 3579 3665 3616 eme

2067 3646 2495 3720 conspiciendas.
2585 3645 2899 3703 Videndum
2942 3646 3139 3704 deinde
3176 3646 3311 3718 qnid
3342 3664 3573 3704 netresse
3599 3651 3667 3704 sit

2068 3733 2389 3807 superaddi,
2420 3733 2468 3788 si
2497 3733 2765 3790 addamus
2793 3735 3051 3790 unionem
3080 3735 3537 3810 substantialem,
3578 3753 3668 3791 seu

2067 3837 2339 3894 ponamus
2367 3820 2731 3876 substantiam
2760 3821 2881 3876 dari
2905 3837 3249 3894 corpoream,
3280 3821 3537 3894 adeoque
3556 3839 3667 3878 ma·
3707 3823 3708 3852 ³

2069 3908 2295 3978 teriam3
2347 3913 2405 3963 et
2456 3923 2532 3962 an
2570 3911 2701 3964 tune
2742 3923 2959 3964 neeesse
2994 3909 3071 3964 sit
3106 3907 3313 3964 reeurri
3351 3909 3428 3964 ad
3468 3927 3667 3983 eorpus
3707 3923 3708 3986 j

2069 3993 2537 4052 mathematicum.
2628 3996 2788 4051 Certe
2816 3994 3091 4052 Monades
3128 4011 3243 4052 non
3280 3993 3413 4052 ideo
3443 3999 3663 4070 proprie
3707 3991 3708 3994 ’

2070 4087 2229 4138 erunt
2260 4081 2317 4136 in
2346 4083 2471 4138 loeo
2499 4083 2785 4157 absoluto,
2826 4097 2953 4138 eum
2980 4099 3173 4139 revera
3204 4099 3317 4139 non
3344 4084 3461 4140 sint
3490 4085 3661 4156 ingre—

2070 4169 2277 4225 dientia
2290 4209 2307 4242 ,
2372 4169 2467 4224 sed
2519 4173 2739 4226 tantum
2788 4171 3050 4242 requisita
3100 4171 3384 4227 materiae.
3476 4173 3662 4243 Itaque

2077 4271 2190 4312 non
2230 4256 2359 4312 ideo
2398 4272 2620 4311 neeesse
2648 4257 2757 4314 erit
2784 4257 3141 4314 indivisibilia
3170 4259 3441 4331 quaedam
3472 4261 3661 4316 localia

2067 4343 2342 4415 constitui,
2372 4345 2599 4414 quaein
2628 4347 2783 4400 tanta
2808 4345 3155 4401 difficultates
3181 4346 3507 4415 eonjieiunt.
3550 4351 3662 4404 sur·

2068 4431 2201 4502 tieit,
2232 4431 2598 4486 substantiam
2628 4447 2950 4504 corpoream
2978 4449 3099 4488 esse
3126 4433 3393 4504 quiddam
3424 4436 3663 4506 phaeno-

2068 4533 2312 4573 nomena
2348 4523 2511 4573 extra
2548 4520 2765 4576 animas
2794 4520 3089 4591 realizans3
3128 4521 3227 4576 sed
3256 4521 3315 4576 in
3342 4535 3459 4594 qun
3488 4523 3659 4578 nolim

2067 4604 2353 4678 eoneipere
2398 4609 2583 4678 partes
2623 4611 2779 4682 actu,
2828 4607 2939 4663 nisi
2976 4621 3121 4679 qnae
3156 4609 3363 4664 actuali
3390 4609 3662 4666 divisione

2066 4693 2222 4764 flunt,
2252 4707 2353 4748 nee
2380 4691 2753 4760 indivisibilia,
2782 4694 2891 4749 nisi
2918 4699 2981 4750 ut
3006 4697 3277 4752 extrema.

2154 4778 2425 4836 Monades
2474 4785 2629 4853 puto'
2660 4779 3013 4837 existentiam
3054 4797 3279 4855 semper
3318 4781 3525 4838 habere
3550 4782 3657 4854 pls-

2066 4879 2225 4937 nam,
2270 4867 2837 4943 neeeoneipiposse,
2880 4874 2942 4924 ut
2982 4869 3655 4942 partespotentiadiem-

2056 4954 2159 5008 tur
2206 4967 2323 5008 esse
2374 4953 2435 5009 in
2472 4957 2613 5010 toto.
2700 4955 2817 5012 Nee
2856 4955 3019 5012 video
3068 4957 3204 5028 qnid
3236 4955 3443 5026 ‘Menas
3482 4954 3653 5010 domi-

2064 5053 2203 5094 nans
2238 5039 2476 5098 aliarum
2513 5041 2815 5098 monad-
2854 5043 3185 5101 existentiae
3208 5042 3495 5113 detrahat,
3532 5055 3651 5098 eum
3707 5035 3708 5064 ³

2064 5141 2257 5184 revera
2284 5127 2431 5185 inter
2457 5145 2551 5186 eas
2576 5129 2795 5188 nullum
2822 5129 2899 5188 sit
2917 5129 3339 5204 commertium,
3392 5129 3492 5188 sed
3540 5134 3645 5184 tan·
3707 5117 3708 5140 ²
