3717 5850
247 303 578 399 'xxva
1197 321 1204 328 ·
1561 300 2359 384 Ριιειιιτιτιο.

307 465 410 530 est
448 455 822 530 versione
863 449 1349 545 germanica,
1391 467 1588 542 quam
1618 446 1937 522 Κὸιιιειιιε
1980 465 2149 518 suno
2176 439 2583 516 Mnoexx.
2624 441 2874 514 curavit
2912 449 2985 512 et
3016 437 3147 514 hoe
3182 437 3368 515 ιᾶιιιο
3396 443 3627 514 'mae

309 566 532 648 efflitt
599 564 810 640 nm
853 561 1168 636 Gottffied
1206 562 1511 634 wilhelm
1553 587 1684 638 von
1727 563 2009 634 Leibrrits
2050 572 2169 632 etc.
2234 557 2583 629 lauram
2636 557 2801 628 iiber
2838 555 2945 628 die
2988 552 3437 652 Mon-dologie
3477 569 3627 628 etc.

309 685 520 777 cnju-
560 682 870 752 versionis
907 681 1358 754 versionem
1401 677 1730 751 latinam
1773 679 1937 749 Acta
1980 673 2219 746 Emffit
2262 675 2569 768 Lipsiens.
2620 674 2689 742 in
2730 669 2956 764 Suppl.
2998 671 3190 744 Tom.
3232 671 3366 744 vn.
3410 675 3627 742 1721.

307 799 480 870 Sect-
525 795 644 866 xl.-
681 821 742 890 p.
788 783 942 868 500.
987 793 1348 878 exhibuere,
1387 795 1478 862 ita
1521 804 1738 862 tamen
1781 801 1856 862 ut
1898 787 2397 862 disertisverbis
2432 791 2649 883 ipsum
2684 786 3071 858 Ldbdtium
3112 787 3407 882 gallice
3446 810 3627 858 con-

309 914 638 1004 scripsisse
691 911 858 980 hanc
911 912 1516 980 commentationem
1567 907 2032 979 confiteremur.
2146 905 2365 992 Quam
2414 904 2777 975 versionem
2826 901 3091 974 latinam
3143 905 3376 972 iterum
3416 897 3633 971 ediffit

311 1046 482 1098 amo
525 1025 906 1096 MDccxx
917 1024 1070 1096 vm.
1113 1023 1476 1094 Hanschius
1517 1021 1987 1092 commentariis
2028 1017 2425 1090 illustratam.
2533 1017 2741 1090 Hanc-
2776 1019 2985 1113 ipsam
3036 1018 3397 1086 ver-sionem
3438 1013 3627 1108 apud

311 1131 706 1212 notensem
745 1137 1192 1234 legimus‘hoc
1243 1140 1606 1230 inscriptam
1661 1134 1877 1204 titulo:
1920 1125 2359 1227 Principia
2412 1122 2979 1228 philosophiae
3032 1153 3177 1202 seu
3218 1131 3493 1202 theses
3538 1131 3627 1201 in

313 1245 652 1350 gratiam
693 1255 1093 1346 Principis
1137 1241 1487 1345 Eu'genii‘
1519 1260 1639 1322 ete.
1683 1249 1724 1318 l.
1769 1273 1828 1321 c.
1872 1271 2019 1344 pag.
2066 1239 2395 1320 20—3'1.
2462 1248 2688 1334 Quum
2730 1257 2949 1316 tamen
2988 1245 3181 1318 nihilo
3210 1239 3425 1316 minus
3452 1267 3629 1318 con·-

311 1355 554 1484 suu-ee?
573 1369 1040 1478 autographum
1084 1367 1547 1438 Leibnitianum
1593 1363 1893 1460 gallicum
1934 1365 2160 1448 finisse,
2222 1363 2348 1434 hoc
2389 1365 2603 1456 ipsum
2639 1363 3011 1456 investigari
3052 1361 3373 1431 debuerat.
3464 1363 3629 1448 Qua

311 1483 381 1552 ιιι
422 1475 494 1552 re
505 1471 800 1554 mirabili
838 1503 992 1552 sane
1033 1485 1135 1550 usi
1178 1494 1343 1566 sunt,
1373 1495 1666 1574 quorum
1707 1481 2003 1564 inter-fuit,
2046 1480 2300 1571 effugio.
2416 1475 2675 1547 Scilicet
2716 1497 2867 1548 cum
2910 1471 3080 1552 anno
3124 1474 3629 1546 MDccxvm.

313 1595 610 1688 vulg-tus
654 1606 826 1666 esset
867 1595 1030 1666 alius
1069 1595 1320 1666 libellus
1361 1597 1654 1668 Leibnitii
1705 1599 1948 1704 (quem
1990 1609 2149 1663 mox
2188 1591 2627 1680 laudabimus)
2684 1601 2755 1662 ει
2794 1590 3021 1685 gallica
3072 1587 3293 1684 lingua
3335 1593 3629 1683 scriptus

313 1721 384 1785 οι
423 1699 628 1780 simile
668 1721 944 1782 tractans
987 1723 1468 1804 argumentum,
1510 1695 1896 1781 Ludovieius
1938 1712 2005 1780 ιιι
2044 1707 2226 1778 fallor
2264 1709 2514 1802 primus
2552 1706 2727 1790 (Exit,
2770 1717 3059 1776 nostram
3099 1703 3629 1800 Monodologim

313 1818 520 1894 imum
563 1825 974 1919 eundemque
1011 1827 1244 1896 librum
1301 1848 1446 1896 esse
1489 1837 1682 1918 atque
1719 1815 1904 1894 iilum
1950 1827 2057 1917 qui
2098 1823 2483 1896 inscribitis.
2550 1821 2879 1914 Principes
2922 1820 3005 1892 de
3044 1819 3107 1892 la
3148 1831 3377 1892 nature
3417 1831 3491 1892 et
3538 1821 3625 1892 de

313 1935 381 2008 la
426 1960 635 2032 grace.
746 1937 1042 2010 Eundem
1089 1963 1368 2011 eri-orem
1407 1943 1694 2011 invenies
1734 1943 1801 2011 in
1843 1932 2063 2009 multis
2106 1941 2245 2031 ejus
2283 1936 2593 2029 temporis
2634 1933 2829 2020 libris,
2872 1957 2929 2006 e.
2972 1959 3067 2030 gr.
3108 1937 3177 2006 ιιι
3218 1935 3405 2006 libro:
3474 1937 3625 2006 Des

313 2049 650 2124 Freiherrn
693 2077 822 2123 von
864 2055 1146 2126 Leibnitz
1189 2054 1464 2126 kleinere
1505 2055 1820 2128 Schriften
1868 2065 1999 2126 etc.·
2030 2054 2172 2123 Jen.
2222 2053 2397 2122 174⁰
2442 2059 2507 2120 et
2552 2049 2704 2119 aliis.
2772 2089 2865 2104 —
2928 2051 3139 2144 Atque
3190 2049 3313 2122 illis
3354 2053 3625 2146 quidem

315 2153 436 2260 per
474 2189 582 2237 me
615 2155 771 2238 'licet
814 2172 1125 2261 ignoscas.
1213 2167 1346 2239 Sed
1387 2191 1602 2240 nonne
1641 2157 2049 2264 indignabere
2090 2169 2202 2238 ubi
2242 2165 2433 2237 hodie
2478 2165 2691 2251 etiam,
2734 2168 2855 2236 etsi
2894 2168 2961 2236 in
3004 2165 3300 2236 Dutensii
3342 2167 3625 2236 editione

313 2287 592 2372 mque
657 2287 1107 2355 commentatio
1173 2306 1302 2355 non
1345 2287 1704 2356 inveniatur
1757 2285 1970 2356 solum
2026 2285 2141 2355 sed
2184 2305 2315 2352 una
2358 2275 2623 2352 alteram
2664 2283 2938 2374 excipiat
2975 2291 3047 2350 et
3086 2279 3169 2350 ad
3212 2279 3625 2352 collationem

316 2397 502 2484 quasi
541 2409 920 2484 provocent,
973 2403 1038 2469 in
1083 2399 1448 2468 doctissimo
1493 2421 1646 2468 sane
1691 2399 2133 2470 Tennemanni
2174 2397 2331 2467 libro
2376 2400 2401 2483 (
2412 2396 2683 2466 Gmndr.
2724 2395 2787 2466 d.
2832 2395 3061 2466 Gesch.
3108 2395 3166 2466 d.
3210 2395 3409 2486 Phil.)
3452 2419 3493 2466 a
3542 2394 3625 2468 cl.

312 2503 624 2578 Wendiio'
655 2499 978 2606 recognito
1033 2512 1264 2610 legeris
1313 2537 1457 2608 pag.
1503 2519 1634 2584 412
1679 2525 1746 2583 et
1779 2517 1950 2585 413:
1996 2511 2269 2584 Hierher
2325 2511 2551 2606 gehort
2594 2507 2988 2604 vorriiglich:
3056 2511 3385 2607 Pn'neipes
3428 2511 3513 2582 de
3558 2512 3623 2582 la

313 2631 542 2692 nature
587 2634 654 2692 et
693 2625 776 2696 de
816 2627 880 2698 la
924 2653 1134 2723 grace,
1156 2682 1171 2698 .
1195 2681 1210 2696 .
1237 2683 1254 2700 .
1303 2628 1494 2700 oder
1535 2628 1694 2700 lat:
1755 2630 2073 2722 Principia
2128 2626 2585 2722 philosophiae,
2682 2629 2977 2698 Profecto
3032 2649 3165 2696 non
3215 2649 3449 2720 argues
3508 2650 3625 2698 me

313 2735 608 2831 injuriam
661 2741 884 2816 [eduae
939 2755 1196 2818 nostrae
1251 2747 1472 2814 aetatis
1527 2740 1919 2839 philosophis
1972 2767 2125 2819 cum
2179 2765 2373 2834 supra
2413 2733 2775 2836 neglectum
2828 2740 2973 2836 plus
3018 2745 3193 2835 justo
3232 2741 3621 2812 Leibnitium

315 2869 760 2945 conquererer.
869 2855 1084 2927 Facile
1137 2867 1356 2929 tamen
1397 2857 1640 2929 mederi
1681 2861 1995 2951 potuisset
2034 2858 2185 2931 huic
2229 2859 2425 2930 errori
2468 2859 2525 2927 si
2566 2860 2709 2951 quis
2748 2856 2833 2927 ibi
2876 2867 3195 2929 scrutatus
3236 2867 3437 2941 esset,
3504 2857 3621 2929 ubi

317 2986 544 3035 etnim
587 2970 1001 3062 scriptionum
1047 2996 1214 3065 quae
1241 2972 1528 3043 Leibnitii
1569 2984 1858 3065 tempore
1902 2976 2071 3065 typis
2114 2994 2393 3045 excusae
2436 2984 2589 3043 sunt
2632 2973 3029 3066 autographa
3070 2976 3418 3045 maximam
3460 2996 3617 3067 par-

317 3086 454 3148 tem
495 3094 932 3169 asservantur,
985 3086 1054 3155 in
1097 3086 1490 3157 Bibliotheca
1532 3086 1736 3180 Regia
1777 3088 2221 3159 Hanoverana.
2294 3088 2529 3182 Neque
2572 3110 2739 3180 opus
2784 3087 3043 3181 quidem
3088 3099 3223 3158 erat
3264 3098 3621 3159 scrutatore

317 3194 568 3267 occulta
621 3208 690 3265 et
743 3198 1066 3268 recondita
1118 3200 1415 3294 detegere
1460 3200 1663 3271 solito.
1773 3199 1947 3271 Nam
1992 3224 2143 3271 cum
2186 3202 2461 3273 schedae
2504 3200 2937 3273 Leibnitianae
2974 3202 3060 3271 ibi
3100 3204 3171 3273 in
3210 3214 3458 3275 cer-unm
3504 3226 3617 3273 or-

221 3347 227 3353 ·
329 3306 546 3378 dinem
587 3310 882 3381 redactae
924 3316 1066 3397 sint,
1109 3315 1424 3385 evolventi
1441 3314 1835 3400 fasciculum,
1880 3320 1984 3385 cui
2008 3318 2378 3410 inscriptum
2406 3327 2507 3387 est
2530 3338 2771 3389 nomen
2796 3316 3295 3411 Monadologine,
3334 3322 3623 3411 primum

317 3424 788 3517 autographum
835 3426 1008 3523 quod
1049 3430 1114 3497 ιιι
1157 3453 1388 3499 manus
1429 3434 1602 3499 venit
1643 3430 1748 3499 hic
1789 3430 2037 3499 libellus
2082 3443 2177 3501 est
2220 3430 2447 3526 gallice
2488 3434 2913 3524 conscriptus,
2966 3430 3321 3503 secundum
3362 3435 3417 3501 is
3454 3430 3621 3503 liber

319 3557 474 3607 eum
531 3560 660 3631 <pio
711 3538 820 3609 ille
873 3540 1170 3611 confundi
1223 3541 1417 3628 solet,
1481 3568 1714 3638 nempe
1781 3546 2145 3639 »Principes
2188 3547 2269 3616 de
2310 3545 2374 3615 la
2414 3556 2641 3615 nature
2680 3557 2749 3616 et
2790 3546 2871 3617 de
2910 3544 2979 3617 la
3020 3570 3267 3641 grace.-
3380 3548 3623 3640 Neque

317 3646 588 3721 dubitari
649 3664 858 3747 potest
921 3658 1074 3753 quin
1125 3656 1282 3727 illud
1337 3658 1796 3754 autographum
1847 3660 2023 3731 idem
2066 3664 2147 3729 sit
2188 3661 2271 3731 de
2314 3682 2445 3753 quo
2490 3656 2847 3731 Leibffitius'
2878 3661 3241 3733 Remunffio
3282 3664 3623 3756 mipserit,

317 3784 472 3835 eum
523 3768 592 3835 in
637 3771 770 3859 ejus
827 3773 1114 3864 margine
1157 3774 1354 3864 ipsius
1395 3772 1686 3843 Leibnitii
1729 3796 1959 3845 manus
2000 3775 2368 3845 indicaverit
2406 3774 2588 3845 locos
2632 3776 3089 3847 Theodicaeae.
3198 3776 3423 3869 Itaque
3462 3777 3623 3849 huic

311 3876 480 3951 libro
521 3880 906 3952 reddidimus
935 3884 1416 3977 Monadologiae
1459 3884 1712 3956 titulum
1755 3898 1978 3979 utpote
2024 3890 2134 3981 qui
2175 3890 2419 3981 primus
2460 3892 2955 3981 interpretationi
2996 3892 3395 3981 gemmeae
3424 3916 3615 3983 prae

315 3996 586 4089 scopans
627 3998 832 4079 fuerit,
875 4009 940 4065 et
980 3998 1212 4068 librum
1251 4010 1510 4070 nostrae
1551 4000 1865 4071 editioni
1845 4005 2229 4071 mser-uimus
2270 4024 2423 4072 cum
2470 4003 2763 4073 omnibus
2787 4001 2911 4071 illis
2938 4003 3225 4075 Leilmitii
3250 4009 3617 4076 annotatio·

313 4106 520 4177 nibus.
609 4107 1040 4201 Quamquam,
1083 4135 1288 4203 quum
1329 4112 1674 4183 Leibnitius
1717 4116 1922 4205 prima
1966 4108 2406 4187 Theodicaeae
2452 4118 2731 4188 editione
2766 4140 2925 4185 usus
2968 4119 3079 4201 sit,
3142 4119 3211 4188 ιιι
3254 4140 3381 4209 qua
3424 4142 3616 4212 prae·

313 4222 569 4292 sationis
605 4223 876 4315 paginae
915 4246 1048 4294 non
1091 4228 1370 4295 numeris
1411 4226 1528 4295 sed
1567 4226 1762 4297 literis
1805 4238 1872 4297 et
1914 4233 2227 4301 asteriscis
2268 4234 2623 4324 signantur,
2664 4252 2931 4302 necesse
2982 4234 3117 4316 fuit,
3158 4242 3237 4305 ut
3274 4231 3379 4305 his
3418 4236 3619 4331 signis

315 4352 472 4409 oum
513 4358 856 4408 numerum
897 4338 1230 4432 adjicerem
1275 4344 1386 4431 qui
1425 4343 1492 4409 in
1533 4362 1684 4411 mea
1725 4340 1997 4413 editione
2038 4343 2254 4415 locum
2292 4345 2543 4418 indicat.

485 4446 862 4521 Lxxxlx.
899 4452 1262 4548 Epistola
1304 4454 1398 4525 ad
1439 4478 1590 4527 rev.
1633 4458 1951 4529 Patrem
1995 4458 2159 4529 Des
2202 4460 2516 4531 Bosses.
2560 4462 2638 4529 cf.
2682 4468 2895 4532 annot.
2938 4458 3022 4531 ad
3064 4471 3177 4531 art.
3220 4461 3415 4533 an.

377 4552 384 4559 ’
481 4560 642 4633 XC.
711 4563 1122 4675 Principes
1173 4568 1267 4640 de
1323 4569 1398 4640 la
1453 4584 1740 4643 nature
1782 4582 1860 4641 et
1902 4571 1995 4640 de
2038 4568 2158 4641 la
2158 4596 2417 4667 grace.
2506 4574 2783 4646 Ubinam
2824 4576 3059 4668 scripta
3102 4577 3185 4643 sit
3225 4575 3387 4649 haee
3428 4599 3613 4649 com·-

311 4663 638 4759 mentatio,
683 4689 749 4747 et
791 4698 1070 4771 quonam
1113 4704 1300 4770 anno,
1345 4698 1644 4757 accurate
1687 4686 1947 4757 definire
1986 4710 2119 4759 non
2160 4712 2445 4783 possum.
2516 4688 3003 4785 Autographum
3043 4688 3567 4761 Leibniunom
3548 4716 3615 4765 ιιι

309 4783 703 4861 Bibliotheca
743 4792 1172 4870 Hanoverana
1235 4800 1498 4869 eosdem
1561 4800 1834 4873 ostendit
1896 4802 2221 4873 literarum
2286 4814 2529 4875 ιιιιειιιε
2594 4826 2759 4897 quos
2816 4804 3277 4899 Monadologia.
3368 4808 3516 4895 Quo
3560 4810 3615 4877 si

309 4902 594 4975 adsumis
634 4914 990 5001 argumenti
1031 4914 1508 5006 cognationem,
1547 4916 1684 4985 veri
1726 4912 2121 4987 siufflimum
2164 4919 2312 5003 erit,
2354 4924 2525 4991 circa
2560 4920 2735 4989 idem
2778 4930 3037 5014 tempus
3078 4932 3419 5013 utramque
3460 4944 3613 4993 eon·

309 5019 609 5111 scriptam
661 5026 820 5093 esse·
939 5025 1122 5111 Quo
1141 5028 1335 5099 modo
1391 5036 1608 5098 autem
1649 5032 1891 5104 factum
1932 5034 2015 5101 sit
2056 5042 2131 5103 ut
2170 5032 2333 5105 haec
2374 5058 2527 5107 eum
2568 5034 2675 5106 illa
2716 5034 3207 5107 eomunderetur
3242 5040 3379 5130 jam
3420 5058 3615 5129 supra

311 5126 604 5207 diximus.
689 5134 971 5236 Vulgata
1014 5150 1113 5212 est
1151 5144 1434 5239 priunum
1477 5146 1731 5242 soeiptio
1773 5147 1842 5219 in
1884 5149 2209 5223 memoriis
2254 5150 2513 5225 Gallias
2556 5148 2789 5247 quibus
2828 5148 3053 5227 titulus
3094 5160 3227 5220 εει.
3284 5148 3613 5247 L’Emope
