3717 5850
57 745 732 1791 4

1597 974 1704 1076 L
1829 974 1934 1062 Β.
2028 1091 2035 1100 .

317 1181 568 1274 Cuique
599 1179 887 1252 Leibnitii
930 1176 1394 1275 philosophiam
1437 1177 1807 1272 indagatur-0
1851 1182 2130 1273 primum
2176 1177 2347 1274 quod
2378 1181 2580 1250 obstet
2628 1177 2755 1250 hoc
2788 1190 2915 1265 est,
2936 1183 3143 1274 quod
3170 1185 3400 1276 scripta

171 1305 278 1392 ejus
317 1309 442 1366 tam
482 1321 632 1367 rara
677 1307 851 1381 sunt,
865 1308 1152 1391 tamque
1195 1297 1278 1364 ad
1318 1297 1767 1366 inveniendum
1811 1296 2117 1365 difficilia.
2186 1297 2453 1366 Constat
2493 1295 2934 1390 Philosophiae
2982 1299 3397 1371 Germanicae

172 1416 513 1522 genitorem
533 1417 602 1482 in
653 1415 990 1484 Germania
1033 1411 1337 1480 editorem
1382 1410 1651 1504 operum
1693 1413 1979 1481 nondum
2021 1413 2367 1495 invenisse,
2420 1435 2571 1481 cum
2615 1415 2801 1482 unica
2847 1437 3013 1506 quae
3056 1425 3222 1484 extet
3246 1415 3394 1485 col·

169 1515 323 1598 lectio
359 1531 643 1598 instituta
684 1531 764 1596 sit
807 1551 846 1596 a
893 1525 1107 1611 Gallo,
1145 1529 1214 1595 in
1240 1527 1562 1597 Britannia
1605 1525 1906 1619 degente,
1948 1523 2275 1594 Ludovico
2305 1526 2633 1596 Dutensio.
2651 1536 2713 1618 ¹⁸)
2806 1531 3028 1617 Quum
3069 1554 3223 1600 vero
3250 1531 3397 1600 Du-

167 1647 316 1714 tensii
351 1645 538 1712 editio
582 1668 715 1714 non
757 1643 971 1712 omnia
1013 1645 1328 1713 contineat
1370 1641 1536 1736 quae
1577 1639 2045 1736 philosophiam
2088 1651 2371 1732 spectent
2396 1639 2684 1712 Leibnitii
2722 1669 2951 1737 opera,
3006 1647 3399 1718 adsumenda

171 1763 326 1828 etiam
367 1770 516 1830 sunt
541 1759 898 1829 Posthuma
942 1783 1108 1852 quae
1147 1756 1425 1852 Raspius
1469 1758 1670 1828 edidit.
1688 1761 1770 1846 **)
1859 1755 2212 1847 Utramque
2254 1778 2407 1823 vero
2454 1757 2722 1846 operum
2750 1757 3036 1828 Leibnitii
3077 1762 3395 1834 collectio-

165 1899 288 1945 nem
325 1878 550 1945 frustra
599 1899 638 1944 a
678 1875 1027 1969 bibliopolis
1072 1897 1370 1968 quaeres,
1410 1875 1540 1943 imo
1589 1877 1655 1942 in
1697 1871 1964 1967 publicis
2005 1869 2392 1940 bibliothecis
2436 1869 2821 1941 desiderabis
2865 1885 2950 1942 et
2968 1880 3187 1968 magni
3226 1880 3396 1970 apud

160 1993 512 2083 antiquarios
567 2001 812 2060 tantum
869 2015 1034 2084 quos
1087 1997 1360 2060 vocant
1376 2013 1569 2058 emes.
1656 1987 1942 2071 Accedit,
2001 1987 2175 2079 quod
2232 2008 2387 2056 sane
2439 1986 2818 2073 dolendum,
2872 1999 2945 2056 ut
2996 1993 3063 2059 in
3104 1991 3397 2064 Dutensii

159 2107 402 2173 editione
427 2105 604 2172 nulla
630 2128 778 2196 pars
821 2117 952 2172 tam
995 2105 1383 2196 negligenter
1423 2105 1796 2196 composita
1815 2106 1923 2186 sit,
1969 2126 2162 2195 quam
2209 2124 2373 2195 quae
2418 2125 2611 2196 opera
2649 2103 3156 2199 philososephica
3192 2111 3391 2178 conti-

159 2231 268 2288 net.
347 2219 672 2312 Leguntur
715 2219 876 2289 haec
917 2221 983 2288 in
1025 2218 1364 2289 voluminis
1405 2219 1667 2289 secundi
1709 2229 1887 2313 parte
1928 2221 2153 2312 priore.
2241 2217 2557 2310 Equidem
2609 2243 2763 2290 cum
2804 2245 2936 2292 non
2978 2224 3283 2294 assentiar
3320 2225 3397 2294 iis

165 2337 264 2425 qui
311 2334 532 2419 dicant,
587 2337 654 2404 in
697 2335 1068 2406 collectione
1110 2359 1379 2429 operum
1421 2334 1997 2429 philosophicorum
2039 2333 2329 2402 Leibnitii
2369 2333 2737 2406 collocanda
2780 2361 2923 2406 esse
2966 2339 3180 2407 omnia
3225 2363 3393 2432 quae

165 2448 478 2518 Leibnitius
543 2473 830 2544 unquam
871 2453 1010 2544 ipse
1051 2452 1388 2534 invenerit,
1442 2453 1679 2545 quippe
1722 2473 1923 2545 quum
1966 2473 2095 2520 non
2138 2451 2411 2540 potuerit
2448 2476 2579 2520 non
2622 2449 3055 2546 philosophice
3098 2455 3389 2540 scribere,

167 2565 438 2634 editorem
476 2565 698 2650 laudo,
742 2567 914 2660 quod
953 2565 1384 2661 philosophica
1440 2589 1480 2634 a
1513 2566 1972 2636 mathematicis
2015 2576 2080 2634 et
2119 2563 2512 2658 philologieis
2556 2565 2819 2661 ahisque
2863 2569 3159 2662 operibus
3203 2594 3390 2664 sepa-

167 2685 318 2748 ravit.
395 2681 662 2764 Deinde,
717 2706 869 2750 cum
924 2705 1053 2752 non
1093 2685 1384 2776 ignorem
1430 2703 1624 2774 quam
1665 2679 1915 2750 difficile
1968 2703 2279 2773 persaepe
2336 2683 2416 2748 sit
2458 2680 2827 2772 dijudicatu,
2882 2695 3097 2754 utrum
3141 2689 3391 2782 scriptio

169 2795 352 2888 aliqua
397 2797 864 2890 philosophicae
917 2797 1140 2867 indolis
1183 2799 1262 2866 sit
1304 2821 1386 2866 an
1429 2821 1560 2866 non
1603 2797 1712 2880 sit,
1767 2820 1899 2866 non
1956 2795 2285 2888 objurgem
2329 2795 2635 2867 editorem
2680 2798 2851 2892 quod
2893 2823 3097 2870 unum
3126 2813 3255 2873 aut
3296 2802 3388 2871 al-

64 2960 70 2979 .
166 2922 343 2979 terum
383 2938 544 3007 opus
583 2917 745 2983 inter
785 2909 1217 3009 philosophica
1259 2936 1389 2983 non
1432 2913 1888 2996 numeraverit,
1942 2934 2087 2980 mea
2139 2913 2443 2983 sententia
2488 2938 2569 2983 ex
2610 2915 2687 2983 iis
2730 2938 2860 2985 non
2904 2913 3388 2988 excludendum.

166 3026 227 3095 ld
273 3052 405 3098 vero
453 3033 520 3101 in
566 3029 878 3100 Dutensio
927 3035 1070 3125 jure
1123 3030 1460 3124 vituperari
1512 3038 1720 3121 potest
1771 3027 1942 3121 quod
1996 3030 2063 3097 in
2118 3028 2553 3099 distribuendis
2593 3028 2882 3099 Leibnitii
2936 3032 3233 3123 operibus
3274 3036 3391 3104 sibi

161 3146 282 3236 ipse
317 3170 434 3214 non
484 3150 808 3217 consentit.
894 3146 1300 3215 Documento
1358 3146 1437 3213 sit
1486 3146 1804 3239 inscriptio
1845 3142 2185 3213 voluminis
2230 3148 2449 3237 quarti.
2542 3145 2734 3231 Quod
2776 3168 2927 3214 cum
2968 3170 3193 3241 reapse
3232 3172 3389 3220 con-

162 3261 330 3327 tineat
378 3260 688 3355 opuscula
741 3261 1200 3356 philosophica,
1253 3263 1406 3353 quin
1455 3258 1672 3328 itidem
1727 3258 2159 3352 philosophiae
2199 3259 2376 3330 titulo
2420 3262 2859 3345 instrueretur,
2923 3260 3055 3331 fieri
3096 3262 3226 3333 non
3266 3289 3387 3359 po-

163 3376 271 3441 tuit.
309 3416 392 3427 —-
430 3378 690 3471 Majoris
741 3376 1046 3446 momenti
1097 3376 1222 3447 hoc
1265 3387 1388 3460 est,
1445 3376 1616 3468 quod
1658 3376 2011 3445 Dutensius
2067 3376 2265 3470 quem'
2313 3377 2381 3443 in
2436 3377 2658 3443 ceteris
2700 3376 3123 3447 voluminibus
3168 3404 3383 3449 serva-

161 3501 320 3557 verat
343 3491 622 3561 ordinem
662 3492 729 3561 in
772 3491 897 3561 hoc
939 3492 1127 3586 plane
1169 3490 1461 3584 neglexit.
1526 3490 1839 3584 Exempla
1884 3495 2169 3561 afferam:
2216 3493 2387 3562 Cum
2430 3490 2783 3560 Dutensius
2826 3495 3113 3578 nesciret,
3156 3493 3384 3565 disset·-

161 3606 428 3674 tationem
469 3608 554 3676 de
593 3610 898 3701 principio
938 3606 1238 3676 individui
1281 3606 1488 3677 adhuc
1530 3618 1798 3691 exstare,
1837 3610 1904 3677 in
1931 3607 2261 3677 Ludovicii
2302 3631 2455 3676 vero
2498 3606 2863 3702 biographia
2905 3608 3209 3695 Leibnitii,
3248 3612 3387 3680 the-

161 3744 248 3786 ses
284 3722 586 3791 inveniret
627 3725 686 3789 ei
739 3722 1146 3792 dissertationi
1189 3721 1500 3805 adnexas,
1542 3722 1660 3791 has
1701 3726 1969 3813 recepit,
2012 3724 2398 3815 easdemque
2442 3734 2769 3814 tamquam
2812 3722 3107 3815 reliquias
3150 3749 3280 3794 non
3321 3730 3388 3796 in

161 3838 332 3904 fronte
386 3861 659 3932 operum
708 3837 1285 3932 philosophicorum
1341 3838 1578 3931 posuit,
1633 3836 1749 3904 sed
1791 3839 1867 3904 iis
1910 3837 2261 3906 subnexuit.
2329 3837 2501 3903 Esto.
2571 3836 2703 3903 Sed
2745 3862 2861 3905 cur
2902 3861 3143 3929 quaeso
3185 3842 3381 3909 intro-

158 3951 494 4021 ductionem
547 3976 742 4045 quam
787 3952 1172 4021 Thomasius
1216 3952 1518 4021 Leibnitii'
1547 3952 1961 4021 dissertationi
2002 3952 2429 4042 praemiserat,
2476 3975 2515 4018 a
2556 3950 2837 4019 thesibus
2880 3966 3280 4047 segregatam
3321 3959 3387 4025 in
3432 4035 3437 4043 ‚

159 4070 275 4157 ipso
313 4069 650 4137 voluminis
692 4068 954 4139 secundi
992 4070 1163 4139 initio
1209 4067 1579 4139 collocavit?
1606 4110 1689 4127 --
1737 4065 2021 4137 Alterum
2065 4065 2431 4157 exemplum
2474 4065 2599 4135 hoc
2644 4068 2749 4135 sit:
2796 4064 3149 4153 Fouchero‚
3192 4070 3383 4141 Leib-

158 4186 354 4252 nitium
408 4189 686 4253 refutare
739 4186 984 4254 conanti
1039 4195 1250 4253 noster
1301 4182 1654 4275 respondet.
1744 4183 1907 4251 Eam
1950 4184 2423 4274 responsionem
2469 4205 2529 4271 p.
2577 4184 2685 4265 67,
2724 4184 3165 4253 refutationem
3209 4185 3383 4257 Fou-

159 4297 307 4366 cheri
347 4300 608 4393 posthac
647 4299 918 4393 legimus
961 4322 1023 4391 p.
1069 4304 1215 4368 102.
1263 4336 1346 4352 -
1393 4302 1465 4369 Si
1507 4299 1781 4393 denique
1823 4298 2133 4381 adsumis,
2195 4296 2365 4390 quod
2410 4320 2539 4365 una
2595 4292 2947 4392 eademque
2992 4303 3241 4393 scriptio
3288 4302 3382 4372 di-

314 4552 378 4638 ’)
421 4560 633 4619 Prodiit
675 4565 806 4623 haec
848 4562 1018 4622 editio
1046 4560 1304 4618 Genevae
1332 4576 1480 4618 anno
1507 4556 1940 4620 MDochvm
1950 4599 1969 4634 ‚
2014 4570 2119 4615 sex
2148 4556 2522 4616 voluminibus
2564 4558 2856 4632 complexa
2911 4574 3081 4634 opera
3122 4558 3381 4621 leibnitii

158 4664 342 4741 munia,
405 4666 710 4743 theologica
725 4710 744 4743 ‚
795 4667 1169 4745 philosophica
1189 4708 1207 4744 ,
1257 4667 1677 4745 mathematica,
1731 4665 2075 4742 philologien.
2128 4694 2215 4705 —
2282 4664 2493 4731 Quodsi
2556 4663 2727 4721 editio
2786 4665 2989 4723 citatur
3038 4667 3383 4727 Coloniae

160 4772 496 4846 Allobrog.
560 4779 620 4833 et
680 4776 1009 4833 Berolini
1059 4792 1232 4845 anno⁴
1270 4773 1810 4834 MDCGLXXXIX.
1870 4775 2019 4831 foras
2078 4771 2238 4846 data,
2298 4768 2600 4829 notandum
2648 4775 2763 4848 est,
2842 4772 2985 4830 banc
3029 4786 3187 4831 'esse
3251 4791 3377 4831 eam

159 4878 268 4950 ipsa:
281 4904 309 4935 u
371 4880 668 4941 editionem
726 4898 876 4940 novo
933 4886 1150 4939 tantum
1225 4881 1388 4941 titulo
1461 4882 1802 4941 instructam.
1902 4878 1969 4937 Id
2020 4878 2171 4953 qnod
2232 4877 2393 4935 t'acilo
2445 4877 2660 4953 patebit
2694 4878 2829 4937 dum
2884 4880 3053 4939 modo
3094 4886 3381 4954 utramque

159 4984 434 5047 editionem
459 4988 864 5065 comparaveris
903 4992 962 5047 et
985 4988 1050 5046 ιιι
1078 4992 1314 5061 utraque
1337 4987 1560 5047 casdem
1587 4986 1862 5047 inveneris
1889 4985 2119 5045 mendas
2146 4984 2587 5061 typographicae.
2667 5066 2673 5071 Ι

312 5104 414 5184 ““)
457 5116 697 5173 Oenvres
737 5113 1186 5191 philosophiqnos
1225 5112 1302 5171 de
1343 5114 1438 5169 fen
1473 5112 1590 5171 Mr.
1625 5110 1854 5173 Leibniz
1882 5108 2132 5187 publices
2159 5126 2262 5187 par
2288 5110 2399 5169 Mr.
2428 5109 2570 5171 Rud.
2598 5110 2731 5171 Eric
2756 5110 2937 5187 Raspc
2964 5127 3095 5169 avec
3123 5124 3232 5171 une
3260 5112 3380 5188 pre·

161 5212 258 5271 sace
282 5217 350 5277 de
367 5218 478 5281 Mt.
507 5219 756 5283 Kasmer.
813 5223 1024 5286 Amet.
1052 5226 1110 5281 et
1135 5219 1313 5298 Leips.
1353 5218 1537 5279 1765.
1573 5219 1631 5277 4.
