3717 5850
1294 359 2085 422 PRAErarro.
3141 368 3344 430 xxm

61 491 218 585 quod
267 493 680 564 adversarius
720 496 912 588 ipsius
933 493 1223 562 Leibnitii
1266 503 1474 585 partes
1518 503 1732 561 tenere
1777 504 2059 576 conatur,
2099 516 2249 562 cum
2293 503 2507 563 noster
2548 517 2695 564 suas
2736 495 2977 590 aquilas
3020 502 3157 592 jam
3198 503 3343 570 reli-

57 611 274 700 querit.
347 610 682 703 Elegimus
729 635 808 679 ex
849 609 948 678 his
991 608 1262 702 epistolis
1306 633 1416 679 eas
1461 632 1624 701 quae
1668 613 2073 701 gravissimae
2115 610 2295 678 nobis
2338 612 2513 677 visae
2556 623 2720 678 sunt.
2796 613 2967 682 Cum
3006 641 3159 686 vero
3201 641 3339 686 res-

53 728 394 816 ponsiones
437 727 646 794 Patris
688 727 826 794 Des
867 726 1102 794 Bosses
1147 727 1370 809 desint,
1415 749 1547 795 non
1591 724 1881 794 dedimus
1925 725 2211 794 Leibnitii
2255 725 2551 818 epistolas
2594 728 2779 796 sicuti
2819 728 3169 800 Dutensius
3212 733 3339 803 una

51 853 496 926 coacervatas,
554 842 666 912 sed
721 838 998 934 singulas
1055 841 1348 933 epistolas
1403 844 1534 909 suis
1586 843 1865 910 numeris
1921 843 2256 908 instructas
2310 842 2369 907 ei
2414 865 2735 933 quamque
2776 844 3169 915 attribuimus
3212 873 3341 942 quo

53 961 418 1049 conscripta
463 969 562 1025 est
606 983 788 1026 anno.
875 957 1094 1049 ltaque
1149 981 1232 1026 ne
1275 958 1573 1049 temporis
1627 961 1934 1026 rationem
1979 957 2334 1038 turbemuS,
2388 958 2589 1050 primo
2636 981 2743 1024 eas
2788 967 3033 1026 tantum
3074 964 3337 1034 inserui-

51 1097 220 1154 mus,
277 1097 452 1165 quae
498 1096 663 1142 anno
705 1071 1050 1142 MDCCVI
1095 1082 1160 1139 et
1203 1072 1570 1142 MDCCVll
1627 1075 2018 1164 conscriptae
2064 1071 2231 1165 apud
2272 1071 2654 1140 Dutensium
2697 1069 2737 1138 l.
2784 1095 2837 1138 c.
2884 1096 2943 1165 p.
2990 1078 3121 1146 265
3162 1102 3338 1172 seqq.

48 1187 364 1279 leguntur.

221 1303 455 1372 LXIII.
509 1305 626 1372 De
669 1301 892 1372 modo
936 1300 1469 1394 distinguendi
1513 1302 2052 1395 phaenomena
2102 1300 2346 1370 realia
2402 1302 2491 1371 ab
2535 1305 3047 1397 imaginariis.
3137 1307 3339 1400 Frag-

53 1431 346 1488 mentum
387 1419 530 1503 hoc,
573 1421 854 1488 nondum
897 1429 1080 1488 antea
1103 1418 1358 1502 editum,
1403 1419 1660 1486 diversis
1689 1419 2095 1512 temporibuS,
2136 1429 2209 1486 ut
2247 1418 2567 1487 literarum
2597 1430 2831 1487 tractus
2855 1421 3143 1514 produnt,
3187 1447 3340 1492 con-

56 1539 364 1626 suiptmn
409 1545 534 1618 est,
579 1557 744 1626 quae
785 1536 850 1602 ni
892 1532 1070 1602 fallor
1109 1533 1297 1625 longe
1338 1536 1500 1602 inter
1543 1557 1614 1600 se
1657 1533 1903 1600 distant.
1996 1532 2239 1617 Quodsi
2284 1536 2421 1625 quis
2466 1533 2841 1603 contendere
2886 1535 3065 1621 velit,
3108 1542 3337 1633 partim

57 1654 490 1743 conscriptum
547 1673 690 1717 esse
746 1659 888 1718 ante
943 1649 1180 1717 saeculi
1222 1649 1402 1719 XVII
1445 1648 1665 1730 finem,
1721 1647 2015 1740 equidem
2068 1671 2193 1715 non
2252 1661 2505 1718 certem.
2596 1650 2843 1718 Tamen
2890 1653 3181 1746 subjunxi
3224 1655 3341 1722 illis

57 1767 132 1834 ad
182 1767 458 1834 Patrem
497 1765 638 1833 Des
680 1765 916 1833 Bosses
973 1765 1278 1858 epistolis,
1335 1765 1484 1855 quia
1540 1763 1806 1832 eandem
1859 1785 2011 1829 cum
2061 1761 2179 1829 illis
2236 1766 2634 1846 sententiam,
2689 1765 3091 1836 idealisticam
3146 1794 3341 1863 quam

55 1893 316 1964 vocant,
373 1881 458 1948 de
501 1883 760 1948 materia
805 1892 990 1950 tenet.
1077 1881 1294 1972 Itaque
1351 1903 1500 1946 cum
1543 1879 1624 1946 ad
1667 1887 1912 1946 certum
1957 1888 2205 1970 tempus
2257 1877 2678 1947 definiendum
2728 1879 2955 1950 indicia
2999 1881 3197 1952 desint
3240 1909 3341 1952 ar-

53 1999 334 2089 gumenti
379 2007 678 2064 naturam
721 1999 969 2088 sequuti
1011 2019 1250 2065 sumus.

227 2109 469 2178 LXIV.
513 2110 870 2204 Epistola
913 2111 1007 2179 ad
1046 2109 1524 2180 Hanschium
1567 2109 1658 2179 de
1697 2106 2200 2202 philosophia
2242 2107 2659 2178 Platonica
2704 2114 2873 2180 sive
2916 2113 3007 2180 de
3048 2111 3343 2182 Enthu-

57 2229 362 2295 siasmo
409 2225 828 2296 Platonico
883 2229 1160 2319 primum
1201 2226 1368 2295 edita
1413 2237 1511 2294 est
1553 2226 1632 2294 ab
1675 2225 2030 2307 Hanschio,
2085 2225 2313 2316 quippe
2358 2227 2467 2316 qui
2510 2249 2653 2293 eam
2696 2227 3020 2296 Diatribae
3064 2253 3219 2299 suae
3266 2229 3348 2298 de

55 2342 512 2410 Entlmsiasmo
543 2339 868 2410 Platonico
913 2341 1104 2434 (Lips.
1136 2345 1310 2412 1716
1353 2345 1419 2428 4)
1462 2343 1865 2432 praemiserit.
1928 2342 2165 2410 Nescio
2211 2363 2337 2430 quo
2380 2363 2536 2410 casu
2580 2346 2859 2412 evenerit
2897 2354 2971 2410 ut
3014 2344 3346 2437 typotheta

53 2456 366 2550 epistolae
407 2455 464 2522 d.
511 2457 615 2526 25.
659 2455 784 2524 Jul.
831 2456 1202 2526 MDCCVII
1244 2459 1632 2549 conscriptae
1676 2456 1844 2523 diem
1889 2461 1949 2524 3.
1993 2456 2133 2523 Jan.
2180 2457 2329 2533 anni,
2368 2455 2687 2525 MDCCX
2728 2457 3157 2528 subscriberet.
3222 2460 3344 2546 (Cr.

53 2575 392 2643 Ludovicii
437 2571 696 2640 librum:
784 2573 1248 2642 Ausstihrlicher
1299 2572 1596 2640 Entwurr
1653 2575 1826 2641 einer
1876 2569 2333 2662 vollstiindigen
2386 2572 2661 2642 Historie
2716 2571 2827 2642 der
2868 2573 3345 2644 Leibnitzschen

37 2688 487 2782 ‘Philosophie,
525 2687 784 2782 Leipzig
827 2691 998 2757 1737
1045 2694 1136 2756 2r.
1182 2689 1301 2756 Th.
1345 2713 1403 2782 p.
1451 2691 1627 2776 130).

234 2803 441 2872 LXV.
499 2804 772 2872 Lettre
815 2805 852 2871 a
898 2803 1023 2872 ΜΓ.
1071 2805 1337 2886 Coste‚
1391 2802 1486 2872 de
1527 2801 1600 2869 la
1643 2803 2043 2871 necessit&
2102 2811 2177 2870 et
2218 2801 2312 2869 de
2354 2800 2425 2869 la
2470 2805 3025 2896 contingence,
3082 2806 3346 2898 epistola

61 2922 454 2991 Leibnitiana
497 2917 780 2988 nondum
824 2917 1028 2988 adhuc
1073 2919 1256 3004 edita,
1301 2942 1466 3012 quae
1509 2943 1660 2988 cum
1703 2929 2149 3011 argumentum
2194 2926 2421 2988 tractet
2462 2919 2712 3011 saepius
2757 2943 2797 2987 a
2839 2917 3144 2990 Leibnitio
3185 2948 3343 3016 pen-

61 3042 324 3105 sitatum
365 3035 588 3128 idque,
643 3046 716 3103 ut
759 3034 910 3103 mihi
952 3034 1225 3119 videtur,
1281 3036 1633 3103 accuratius
1683 3030 1875 3127 paulo
1932 3033 2197 3127 explicet
2250 3055 2378 3101 non
2432 3035 2610 3128 potui
2662 3038 2813 3126 quin
2870 3034 3119 3105 editioni
3162 3060 3347 3109 meae

59 3153 422 3221 insererem.

233 3266 468 3335 LXVI.
523 3266 1016 3357 Remarques
1073 3290 1204 3334 sur
1254 3264 1328 3335 le
1373 3266 1796 3334 sentiment
1849 3262 1948 3331 du
1991 3262 2065 3334 P.
2110 3260 2694 3346 Malebranche,
2750 3266 2879 3355 qui
2920 3277 3145 3360 porte
3198 3292 3349 3360 que

65 3406 260 3450 nous
307 3405 608 3473 voyons
663 3390 834 3449 tout
889 3404 981 3449 en
1025 3380 1252 3465 Dieu,
1309 3389 1796 3449 concernant
1848 3379 2227 3448 l'examen
2284 3403 2432 3470 que
2477 3376 2605 3446 Mr.
2652 3376 2909 3449 Locke
2960 3405 3053 3450 en
3108 3404 3147 3448 a
3202 3384 3350 3451 fait

67 3498 270 3565 Edidit
311 3500 554 3589 primus
609 3497 728 3564 has
785 3497 1354 3567 animadversiones
1397 3495 1688 3588 Raspius.
1781 3497 1959 3582 Quas
2013 3518 2179 3564 anno
2224 3492 2622 3563 MDCCVuI
2674 3496 2917 3564 circiter
2968 3500 3352 3591 conscriptas

71 3634 237 3693 esse,
299 3634 384 3677 ex
427 3636 504 3679 eo
547 3613 1006 3704 conjiciendum
1049 3623 1202 3705 puto
1249 3610 1418 3705 quod
1457 3610 1686 3679 librum
1731 3614 1929 3679 citant
1981 3634 2145 3679 anno
2190 3608 2535 3679 MDCCVI
2576 3609 2844 3678 Londini
2884 3610 3137 3679 editum.
3223 3613 3350 3681 Ita-

71 3752 192 3817 que
251 3750 408 3793 cum
449 3726 584 3794 aliis
629 3750 880 3795 caream
921 3726 1190 3809 indiciis,
1243 3730 1350 3793 vix
1401 3750 1750 3819 repugnem
1806 3728 1859 3793 si
1915 3729 2019 3793 cui
2062 3724 2440 3792 contendere
2494 3723 2767 3808 libuerit,
2818 3737 3157 3819 conceptas
3208 3750 3352 3796 esse

75 3842 190 3910 alio
234 3853 540 3935 tempore.
630 3842 760 3910 Sed
802 3852 1100 3935 rogaturo
1145 3866 1270 3911 cur
1312 3865 1440 3910 non
1482 3843 1598 3935 ipsi
1642 3864 1808 3909 anno
1852 3839 2196 3909 MDCCVI
2251 3862 2361 3905 eas
2404 3841 2885 3930 assignaverim,
2938 3839 3063 3908 hoc
3106 3850 3353 3909 tantum

71 3956 504 4049 respondeam:
555 3966 774 4049 patere
829 3982 912 4025 ex
951 3960 1027 4026 iis
1067 3960 1220 4050 ipsis
1263 3980 1428 4049 quae
1472 3967 1850 4047 sequuntur,
1910 3978 2105 4048 quam
2158 3978 2301 4023 sero
2349 3952 2663 4021 interdum
2721 3976 2797 4020 ea
2852 3951 2934 4021 ad
2975 3952 3352 4023 Leibnitium

75 4074 468 4165 pervenerint
520 4096 686 4163 quae
741 4074 806 4140 in
851 4072 1056 4141 Gallia
1099 4072 1266 4141 edita
1315 4074 1570 4155 fuerint,
1623 4070 1893 4165 ideoque
1947 4094 2077 4139 non
2117 4092 2308 4164 posse
2351 4070 2699 4161 exspectari
2712 4120 2730 4151 ,
2785 4066 2978 4137 libros
3018 4071 3086 4139 in
3128 4048 3354 4163 Anglia

75 4186 358 4280 vulgatos
397 4189 585 4256 citius
625 4189 692 4255 in
737 4192 868 4279 ejus
911 4210 1138 4255 manus
1182 4188 1445 4256 venisse.

241 4301 501 4371 LXVII.
546 4302 982 4393 Remarque
1028 4301 1116 4371 de
1159 4302 1284 4369 ΜΓ.
1329 4301 1650 4371 Leibniz
1707 4324 1843 4370 sur
1898 4323 1999 4370 un
2042 4297 2348 4370 endroit
2400 4296 2539 4368 des
2583 4296 2993 4369 Mdmoires
3038 4299 3130 4368 de
3163 4300 3349 4369 Tre-

77 4438 272 4486 voux
314 4418 418 4485 du
461 4420 654 4485 mois
698 4416 784 4485 de
829 4416 1028 4485 Mars
1075 4420 1268 4486 1704.
1340 4418 1666 4510 Leguntur
1697 4441 1858 4508 quae
1888 4417 1991 4486 hic
2019 4416 2305 4485 dedimus
2338 4412 2505 4507 apud
2532 4413 2917 4482 Dutcnsium
2960 4413 2997 4480 l.
3028 4438 3082 4481 c.
3112 4439 3170 4506 p.
3200 4414 3352 4497 258,

81 4536 302 4625 quippe
361 4535 474 4624 qui
517 4558 556 4601 e
597 4536 914 4602 memoriis
959 4532 1360 4601 Trivultianis
1405 4532 1630 4624 quibus
1669 4534 1902 4600 inserta
1946 4542 2123 4600 erant
2166 4554 2329 4599 anno
2378 4527 2777 4599 MDCCVIII
2821 4552 2895 4597 ea
2941 4530 3349 4619 exscripserit.

79 4647 300 4739 Neque
342 4646 600 4739 indigna
645 4658 822 4715 erant
865 4670 1028 4740 quae
1067 4649 1483 4717 insererentur
1513 4644 1782 4729 editioni,
1825 4670 1974 4714 cum
2002 4644 2105 4715 hic
2146 4647 2421 4738 primum
2464 4654 2677 4713 noster
2705 4647 3027 4711 confessus
3072 4646 3153 4710 sit
3184 4641 3351 4734 quod

79 4774 288 4855 postea
331 4765 588 4855 saepius
629 4762 1046 4831 disertissimis
1089 4763 1294 4831 verbis
1309 4812 1328 4845 ,
1370 4762 1544 4829 Patri
1570 4761 1708 4829 Des
1735 4762 1971 4831 Bosses
2010 4763 2343 4855 praecipue
2357 4810 2375 4842 ,
2419 4762 2680 4853 scripsit,
2724 4760 2843 4827 etsi
2886 4780 2967 4827 ex
3008 4766 3351 4848 systemate

81 4878 440 4949 harmoniae
489 4876 946 4971 praestabilitae
995 4902 1124 4946 non
1177 4875 1470 4970 explicari
1521 4879 1719 4968 possit
1758 4901 1910 4945 vera
1964 4877 2239 4971 corporis
2295 4884 2359 4944 et
2414 4877 2661 4943 animae
2716 4876 2953 4955 unitas,
3008 4870 3120 4940 sed
3176 4869 3349 4938 solus

83 5016 420 5063 consensus
462 5004 531 5061 et
571 5002 931 5075 concentus,
973 5002 1187 5060 tamen
1229 5016 1300 5061 se
1343 5016 1468 5061 non
1511 5015 1746 5084 negare
1773 5016 1991 5060 veram
2035 4992 2225 5059 talem
2260 4993 2597 5059 -unionem
2640 4988 3173 5082 metaphysicam-
3210 4988 3345 5052 exi-

87 5119 246 5179 stere.
331 5108 422 5177 lis
465 5110 576 5199 qui
616 5108 904 5175 Leibnitii
944 5106 1400 5200 philosophiam
1444 5109 1796 5174 accuratius
1839 5108 2292 5200 perspexerint,
2334 5117 2558 5173 notum
2600 5114 2702 5173 est
2740 5102 2863 5173 hac
2906 5101 3217 5170 sententia
3256 5101 3343 5168 ir-

87 5224 256 5293 ritum
299 5224 440 5295 fieri
482 5210 884 5292 idealismum
915 5204 1119 5315 'quem
1165 5232 1396 5291 vocant
1434 5221 1913 5291 Leibnitianum.
1992 5224 2237 5323 Quippe
2278 5224 2343 5290 in
2390 5246 2465 5290 ea
2499 5224 2633 5314 jam
2673 5219 2829 5291 latet
2866 5214 3033 5285 istud
3082 5216 3343 5286 »vincu-
