3717 5850
3696 68 3698 123 1

441 341 572 405 662
1532 334 2304 431 mmcausa
2390 336 2623 397 nur.
3696 322 3698 371 t

443 488 556 547 tiae
591 478 939 558 privilegium
977 482 1060 533 est
1072 518 1092 551 ‚
1139 477 1352 534 infinite
1381 476 1598 535 minora
1635 478 2029 552 perfectissimo
2115 476 2470 537 stinatiouem
2486 518 2504 553 ,
2558 474 2755 533 Gratia
2794 474 2895 533 illa
2932 476 3351 552 triumphatrice
3370 484 3609 554 utatur-3
3650 498 3699 541 m

441 588 636 633 curare
683 582 876 642 posse:
928 582 1070 638 quae
1119 566 1225 623 etsi
1272 568 1427 623 nulla
1475 566 1794 638 assignabili
1843 566 2029 639 ipsum
2117 567 2188 622 de
2236 580 2512 639 quoquam
2562 580 2805 637 unquam
2846 564 3247 639 desperandum
3272 572 3547 641 putemus
3560 611 3579 645 ,
3622 570 3699 629 ets

443 660 799 737 proportione
826 654 1150 728 respiciant,
1179 660 1399 710 servant
1426 657 1612 711 tamen
1643 655 1788 711 inter
1817 670 1881 711 se
1904 670 2036 728 pro·
2117 654 2305 724 regula
2334 654 2463 709 inde
2490 653 2747 710 constitui
2779 668 2891 709 non
2920 653 3135 710 debeat.

443 744 913 825 portionalitatem
961 742 1294 814 exiguntque
1337 742 1617 817 ordinem,
1677 758 1842 814 quem
1884 744 2035 799 Deus
2216 742 2358 798 130.
2402 741 2605 797 Errant
2633 741 2809 796 multo
2837 742 3086 815 gravius,
3116 741 3213 813 qui
3242 741 3385 798 solis
3416 743 3605 799 electis
3626 746 3699 800 tri<

441 836 576 911 ipsis
605 831 824 889 indidit.
2118 828 2295 885 bunut
2324 829 2588 901 gratiam,
2619 828 2814 895 fldem,
2836 828 3316 902 justificationem,
3348 834 3699 899 regeneratio-

541 921 682 977 122.
709 920 892 990 anue
923 916 977 971 in
999 932 1060 970 re
1088 914 1327 988 quodam
1359 914 1526 971 modo
1539 917 1719 971 Deum
1746 916 2038 973 imitantur
2121 932 2279 987 nem3
2326 920 2589 987 tanquam
2620 915 2983 988 (repugnante
3010 917 3385 991 experientia)
3417 902 3699 987 apomi-

445 1014 774 1069 Geometrae
825 1021 924 1077 per
977 1018 1180 1059 novam
1241 1003 1721 1060 infinitesimorum
1781 1004 2038 1074 analysin
2120 1020 2219 1073 901.
2274 1020 2466 1059 omnes
2518 1004 2837 1075 hypocritae
2888 1010 3100 1075 essent,
3164 1020 3267 1061 nec
3320 1020 3357 1059 a
3417 1006 3699 1079 Baptist

445 1116 519 1155 ex
543 1097 754 1153 infinite
765 1108 1061 1167 parvorum
1082 1091 1730 1163 atqueinassignabilium
1745 1108 2031 1164 compara·
2122 1106 2223 1147 nec
2262 1091 2334 1147 ab
2366 1090 2733 1163 Eucharistia,
2778 1095 2844 1168 et¹
2876 1091 2937 1147 in
2980 1092 3301 1147 universum
3330 1108 3437 1147 nec
3477 1109 3517 1147 a
3544 1094 3699 1149 Verbo

446 1186 598 1244 tione
609 1185 752 1239 inter
773 1200 848 1251 se,
866 1178 1076 1248 majora
1095 1184 1259 1249 atque
1283 1179 1505 1234 utiliora
1529 1196 1694 1251 quam
1719 1182 1838 1251 quis
1851 1178 2034 1235 crede·
2119 1194 2222 1234 nec
2272 1194 2308 1233 a
2347 1178 2711 1234 sacramentis
2762 1178 3045 1249 spirituale
3087 1178 3360 1247 juvamen
3416 1182 3699 1251 accepturi3

447 1280 532 1331 ret
553 1274 610 1327 in
633 1272 766 1343 ipsis
791 1266 1252 1337 magnitudinibus
1273 1267 1695 1337 assignabilibus
1717 1267 2029 1322 insorentoe.
2116 1270 2214 1321 aut
2254 1270 2514 1337 tanquam
2553 1266 2738 1320 nullus
2764 1267 2969 1322 electus
2997 1266 3273 1338 semelque
3306 1282 3443 1322 vere
3463 1266 3699 1335 justitita-

543 1359 684 1415 123.
714 1357 828 1412 Nos
855 1358 1047 1425 igitur,
1087 1351 1292 1422 rejecta
1321 1354 1416 1408 illa
1443 1354 1790 1410 odiosissime
1821 1354 2034 1409 Misan·
2070 1350 2077 1414 Ε
2118 1358 2206 1410 tus
2250 1354 2310 1409 in
2341 1355 2547 1409 crimen
2586 1368 2685 1407 seu
2714 1354 2773 1409 in
2802 1357 3083 1425 peccatum
3110 1354 3523 1427 proaereticum
3552 1354 3699 1413 relabi

419 1448 692 1519 ·thropia,
739 1449 954 1499 tuemur
991 1442 1187 1497 merito
1217 1456 1487 1496 summam
1519 1442 1576 1497 in
1608 1444 1726 1498 Deo
1757 1442 2031 1498 Philan·
2072 1423 2077 1496 Ι
2116 1444 2331 1514 posset3
2363 1442 2477 1513 vel,
2510 1445 2574 1495 ut
2602 1439 2699 1497 alii
2730 1443 2959 1514 malunt,
2990 1445 3254 1515 tanquam
3284 1442 3346 1496 in
3378 1442 3585 1497 mediis
3612 1460 3699 1499 sce-

444 1533 830 1604 thropiam,
885 1530 980 1602 qui
1031 1544 1224 1584 omnes
1275 1530 1346 1585 ad
1397 1529 1644 1585 veritatis
1693 1530 2030 1602 agnitionem
2072 1503 2078 1620 ἰ
2121 1530 2325 1585 teribus
2344 1528 2577 1599 gratiam
2601 1530 3031 1597 regenerationis
3052 1529 3257 1584 electus
3278 1544 3395 1585 non
3418 1532 3699 1587 amitteret.

442 1621 756 1696 pervenire,
799 1632 990 1673 omnes
1029 1633 1064 1670 a
1091 1616 1326 1689 peccatis
1366 1616 1437 1671 ad
1476 1616 1736 1673 virtutem
1764 1618 2030 1690 converti,
2073 1656 2075 1676 .
2120 1617 2291 1672 Iidem
2334 1633 2367 1671 a
2398 1614 2545 1671 fideli
2592 1616 2951 1671 certissimam
2999 1615 3177 1671 finalis
3227 1616 3355 1671 fidei
3410 1618 3699 1689 persuasio-

443 1724 634 1765 omnes
683 1707 866 1763 salvos
933 1705 1046 1759 fieri
1113 1704 1260 1759 serio
1324 1704 1524 1777 voluit,
1589 1707 2033 1777 voluntatemque
2119 1720 2246 1759 nem
2276 1704 2497 1773 exigere
2526 1702 2730 1774 solent3
2762 1704 2853 1758 vel
2872 1706 3132 1771 negantes
3152 1704 3411 1775 reprobis
3434 1706 3699 1779 imperari,

444 1794 840 1867 multiplicibus
899 1793 1124 1848 Gratiae
1183 1791 1406 1847 auxiliis
1469 1791 1780 1847 declaravit.
1869 1792 2031 1857 Quod
2123 1791 2209 1846 vel
2239 1794 2539 1846 statuentes
2570 1791 2773 1846 salsum
2804 1807 2900 1845 eos
2929 1792 3149 1845 credere
3169 1790 3384 1859 juberi.

445 1898 582 1939 vero
611 1897 723 1938 non
753 1896 968 1952 semper
996 1882 1138 1935 facta
1165 1883 1294 1935 sunt
1323 1894 1462 1950 quae
1493 1880 1579 1935 hic
1611 1880 1811 1952 voluit,
1843 1881 2035 1953 utique
2070 1865 2075 1920 ἶ
2215 1878 2357 1932 131.
2400 1877 2507 1933 Sed
2544 1877 2677 1933 haee
2717 1878 2968 1933 doctrina
3007 1877 3237 1945 rigidius
3266 1883 3517 1950 accepta,
3560 1893 3699 1933 meni

442 1968 768 2044 repugnanti
798 1968 1082 2022 hominum
1112 1966 1353 2021 malitiae
1382 1966 1610 2022 attribui
1639 1958 1828 2023 debet:
2069 1923 2091 2062 ι
2118 1964 2339 2039 quidem
2377 1965 2701 2035 arbitraria,
2752 1966 3011 2037 nulloque
3049 1966 3406 2021 fundamento
3436 1966 3606 2037 nixa,
3658 1972 3698 2019 ei

541 2057 684 2113 124.
722 2056 802 2110 At
840 2056 1004 2122 hanc,
1045 2054 1286 2125 inquies,
1327 2068 1583 2125 superare
1611 2055 1789 2125 potuit
1815 2069 2033 2110 summa
2070 2065 2077 2114 1
2118 2054 2193 2109 ab
2212 2054 2473 2123 antiquae
2493 2052 2767 2107 Ecclesiae
2786 2052 3103 2125 sententiiS,
3136 2053 3369 2125 ipsoque
3404 2052 3698 2122 Augustino*

447 2146 696 2219 potentia
757 2158 871 2198 sua.
961 2142 1161 2196 Fateor
1179 2178 1198 2210 ,
1261 2140 1514 2211 inquam:
1566 2141 1662 2196 sed
1717 2148 1778 2197 ut
1811 2142 2031 2214 faceret,
2070 2132 2077 2196 i
2118 2140 2284 2213 plane
2312 2140 2520 2211 aliena,
2554 2140 2613 2194 in
2642 2141 2841 2211 praxin
2868 2140 3119 2211 influere,
3160 2144 3217 2195 et
3247 2141 3337 2195 vel
3368 2136 3698 2195 temerariam

441 2233 596 2289 nullo
627 2231 756 2301 jnre
807 2229 1186 2301 obligabatur,
1249 2242 1426 2299 neque
1491 2226 1551 2283 id
1613 2230 1758 2285 ratio
1813 2229 2034 2285 aliunde
2121 2229 2337 2284 futurae
2398 2228 2591 2283 salutis
2642 2228 2810 2283 etiam
2867 2226 2923 2282 in
2972 2228 3235 2298 improbo
3286 2229 3691 2299 persuasionem,

443 2320 671 2377 ferebat.
2125 2316 2211 2372 vel
2272 2315 2503 2371 anxiam
2556 2314 2625 2368 de
2676 2318 2959 2387 praesente
3008 2316 3067 2369 in
3118 2315 3355 2383 gratiam
3412 2312 3698 2387 receptione}

539 2407 679 2462 125.
721 2402 992 2461 Instabis:
1045 2405 1256 2457 tantam
1299 2402 1728 2474 benignitatem,
1772 2406 2032 2475 quantam
2118 2404 2286 2457 etiam
2326 2404 2387 2456 in
2425 2402 2521 2474 pio
2550 2400 2975 2473 dubitationem,
3018 2406 3311 2475 utramque
3340 2416 3461 2459 non
3490 2403 3607 2457 sine
3632 2414 3698 2455 ει·

439 2496 560 2552 Deo
613 2493 810 2549 merito
850 2488 1174 2561 tribuimus,
1229 2504 1641 2561 progressuram
1683 2491 1850 2545 fuisse
1890 2492 2033 2547 ultra
2070 2435 2077 2566 ¹
2119 2489 2392 2559 curitatiS,
2434 2493 2533 2543 aut
2560 2488 2959 2560 desperationis
2986 2489 3259 2561 periculo,
3292 2506 3567 2561 generare
3592 2506 3689 2561 pos-

438 2600 508 2639 ea
549 2597 692 2654 quae
729 2584 1007 2652 praestare
1047 2577 1361 2647 tenebatur,
1403 2576 1519 2631 imo
1549 2578 1820 2647 optimum
1851 2578 2032 2633 Deum
2070 2595 2075 2601 ’
2118 2582 2225 2631 set:
2266 2578 2451 2647 itaque
2491 2580 2617 2647 post
2656 2576 3175 2649 Despotismum
3226 2576 3373 2632 hane
3421 2574 3698 2633 Particula'

437 2670 612 2727 teneri
640 2668 710 2723 ad
741 2666 957 2738 optima
985 2664 1343 2739 praestanda,
1389 2662 1590 2719 saltem
1620 2680 1694 2720 ex
1721 2664 1842 2737 ipsa
1871 2665 2033 2722 boni·
2068 2647 2075 2782 ἰ
2120 2664 2278 2721 rismi
2307 2662 2543 2735 speciem
2573 2664 2817 2718 maxime
2844 2662 3213 2719 dissuaserim.

437 2762 554 2813 tate
579 2760 808 2811 naturae
825 2770 974 2809 suae.
2214 2750 2357 2805 132.
2404 2750 2656 2807 Feliciter
2684 2756 2870 2806 autem
2898 2752 3110 2825 evenit,
3156 2755 3219 2807 ut
3246 2750 3487 2823 plurimi
3518 2756 3685 2823 tempe-

535 2844 675 2899 126.
717 2842 820 2897 Hic
859 2857 990 2912 ergo
1033 2838 1253 2895 tandem
1304 2837 1376 2893 ad
1424 2838 1682 2895 Summae
1721 2838 2032 2913 Sapientiae
2069 2861 2075 2904 ς
2118 2843 2241 2893 rent
2268 2842 2457 2893 tantae
2499 2842 2721 2909 tamque
2760 2838 3076 2910 paradoxae
3122 2840 3393 2894 novitatis
3447 2842 3685 2910 rigorem:

439 2931 663 2989 divitias
701 2946 826 2986 cum
859 2929 1028 2984 Paulo
1069 2926 1452 2982 recurrendum
1493 2933 1606 2998 est,
1658 2942 1798 2999 quae
1842 2929 2033 3000 utique
2116 2932 2171 2982 et
2202 2929 2263 2982 ut
2291 2927 2385 2998 qui
2414 2929 2707 2998 supersunt
2746 2925 2989 2982 lubricae
3028 2928 3169 2982 adeo
3207 2927 3506 2982 doctrinae
3536 2928 3687 2982 defen·

436 3037 600 3093 passa
645 3035 756 3074 non
795 3022 912 3084 est,
955 3022 1016 3070 ut
1047 3015 1192 3068 Deus
1224 3014 1338 3069 vim
1371 3015 1550 3070 ordini
1581 3031 1767 3070 rerum
1795 3016 2029 3072 naturis·
2116 3029 2298 3086 soree,
2332 3014 2501 3098 ‘intra
2530 3013 2736 3070 nudam
2768 3014 3045 3070 theoriam
3072 3015 3413 3088 subsistant,
3460 3031 3567 3070 nec
3594 3030 3683 3086 pra·

436 3123 546 3180 que
588 3108 708 3162 sine
749 3106 866 3177 lege
905 3116 1270 3172 mensuraque
1311 3101 1563 3175 inferret,
1621 3108 1685 3157 ut
1713 3103 2029 3160 turbaretur
2114 3101 2197 3156 vis
2239 3101 2309 3156 ad
2353 3101 2551 3173 praxin
2596 3102 3001 3172 consequentiis
3042 3102 3393 3174 indulgeant3
3446 3102 3587 3156 dum
3632 3101 3687 3172 pii

435 3195 726 3251 harmonia
755 3189 1107 3260 universalis,
1156 3194 1218 3243 ut
1248 3190 1357 3245 alia
1385 3189 1459 3244 ab
1488 3190 1700 3261 optima
1729 3204 1913 3245 rerum
1943 3207 2026 3245 se-
2109 3189 2257 3243 inter
2284 3204 2409 3259 eos,
2454 3193 2517 3243 ut
2545 3203 2615 3243 ex
2646 3189 2859 3244 meliori
2888 3190 3144 3258 dogmate
3172 3205 3277 3261 par
3306 3194 3420 3261 est,
3462 3189 3617 3244 filiali
3642 3189 3689 3241 ti-

434 3282 544 3337 ries
589 3281 895 3350 eligeretur.
982 3277 1048 3331 ln
1093 3275 1202 3342 ‚hac
1254 3281 1444 3332 autem
1494 3277 1907 3348 continebatur,
1960 3281 2024 3332 ut
2112 3291 2281 3345 more,
2312 3279 2371 3331 et
2397 3276 2561 3348 plena
2590 3277 2797 3334 amoris
2836 3275 3058 3349 fiducia,
3100 3277 3335 3333 salutem
3382 3293 3551 3332 suam
3590 3291 3688 3349 ope-

435 3383 628 3424 omnes
679 3363 922 3419 libertati
939 3401 955 3434 ,
1005 3365 1170 3434 atque
1209 3364 1350 3418 adeo
1400 3363 1626 3434 quidam
1677 3363 2023 3435 improbitati
2110 3367 2318 3418 rantur.

435 3469 570 3509 suae
597 3451 1062 3522 relinquerentur:
1105 3449 1254 3520 quod
1285 3450 1370 3505 vel
1400 3450 1528 3505 inde
1551 3449 1863 3518 judicamus
1892 3451 2025 3523 quia
2206 3449 2349 3505 133.
2391 3447 2509 3502 Nos
2538 3449 2695 3520 fidei,
2739 3450 2976 3522 gratiae,
3001 3449 3533 3524 justificationisque
3560 3461 3698 3524 prae-3

435 3543 640 3596 factum
671 3542 770 3593 est.
802 3539 940 3594 Add.
977 3535 1026 3604 ξ.
1068 3537 1209 3592 142.
2110 3537 2280 3591 sentis
2308 3535 2441 3590 certi
2472 3531 2593 3590 esse
2620 3553 2934 3610 possumuS,
2978 3545 3243 3608 quatenus
3284 3541 3497 3596 conscii
3532 3555 3698 3598 summz

532 3627 672 3683 127.
715 3627 941 3682 Interim
973 3623 1384 3694 philanthropia
1415 3623 1516 3679 Dei
1547 3624 1897 3695 universaliS,
1928 3638 2021 3679 seu
2059 3620 2065 3653 ¹
2109 3639 2299 3679 eorum
2323 3637 2461 3694 quae
2484 3638 2625 3678 nunc
2654 3625 2713 3678 in
2734 3625 2895 3679 nobis
2924 3625 3087 3696 fiunt3
3119 3627 3337 3682 futurae
3368 3635 3565 3683 autern
3594 3643 3698 3706 ρει·

433 3714 684 3771 voluntas
725 3713 972 3770 salvandi
1013 3725 1235 3784 omnes,
1265 3727 1337 3766 ex
1368 3711 1612 3767 Auxiliis
1651 3713 1786 3784 ipsis
1815 3713 2020 3782 elucet3
2109 3711 2443 3767 severantiae
2492 3709 2697 3765 bonam
2742 3727 2897 3783 spem
2928 3713 3219 3785 habemuS,
3264 3716 3362 3770 sed
3402 3731 3545 3770 cura
3580 3707 3698 3770 tem-i

431 3819 574 3878 quae
627 3801 910 3873 omnibus,
964 3801 1131 3855 etiam
1173 3799 1458 3872 reprobis,
1509 3799 1863 3872 sufficientia,
1906 3801 2023 3854 imo
2109 3809 2382 3870 peratam3
2424 3803 2681 3854 monente
2713 3800 3011 3872 ApostolO,
3052 3805 3115 3856 ut
3156 3802 3251 3872 qui
3282 3807 3396 3857 stat
3422 3801 3617 3858 videat
3642 3817 3693 3856 ne

429 3906 692 3964 persaepe
731 3887 1073 3946 abundantia
1111 3889 1376 3960 praestita
1404 3891 1559 3960 sunt,
1611 3887 1716 3942 etsi
1754 3888 1814 3942 in
1843 3887 2021 3941 omni·
2106 3886 2293 3941 eadat:
2346 3885 2443 3940 sed
2482 3885 2765 3941 electionis
2804 3887 3155 3960 persuasione
3182 3891 3475 3945 remittere
3504 3891 3577 3946 de
3602 3898 3693 3945 stu»

431 3979 535 4035 bus
565 3977 744 4048 gratia
775 3977 970 4032 victrix
1001 3991 1114 4029 non
1144 3975 1232 4029 sit.
2058 4024 2063 4045 ,
2106 3972 2202 4028 dio
2232 3972 2477 4044 pietatis,
2528 3977 2587 4028 et
2637 3974 2851 4030 futurae
2889 3975 3263 4046 poenitentiae
3299 3978 3583 4034 confidere
3610 3967 3698 4038 nii-<f

528 4063 668 4120 128.
721 4064 1006 4119 Caeterum
1057 4076 1170 4116 non
1210 4059 1372 4115 video
1412 4075 1509 4115 cur
1550 4075 1764 4116 neeesse
1793 4061 1868 4114 sit
1897 4073 2019 4128 gra·
2104 4061 2257 4114 nime
2284 4059 2563 4115 debemus.
2818 4059 2833 4068 ”

429 4151 600 4222 tiam,
641 4149 736 4206 ubi
775 4152 1028 4206 effectum
1069 4149 1296 4220 plenum
1335 4147 1716 4221 consequitur,
1759 4145 2019 4218 consequi
2202 4147 2345 4203 134.
2392 4148 2541 4203 Haeo
2580 4151 2775 4202 contra
2804 4147 3265 4220 Misanthropiam
3296 4150 3421 4206 Deo
3464 4151 3687 4221 imputa-

431 4251 558 4292 eum
601 4253 816 4309 semper
855 4254 954 4292 sua
985 4242 1210 4307 natura,
1259 4251 1355 4290 seu
1397 4251 1516 4290 esse
1557 4249 1658 4306 per
1697 4249 1757 4288 se
1788 4235 2021 4290 effectri·
2108 4239 2223 4289 tam
2254 4235 2595 4289 suffecerint:
2636 4249 2783 4289 nunc
2824 4236 3227 4292 ostendendum
3256 4241 3375 4310 est,
3408 4253 3513 4293 nec
3550 4239 3687 4292 Pro·

432 4337 582 4393 eem3
622 4337 746 4379 cum
789 4325 905 4379 fieri
935 4327 1100 4395 queat
1127 4328 1191 4379 ut
1220 4323 1410 4378 eadem
1441 4337 1695 4376 mensura
1725 4322 1935 4392 gratiae
1960 4323 2021 4376 in
2109 4321 2525 4394 sopolepsia
2544 4337 2597 4375 m
2621 4303 2748 4388 ju‘ie
2762 4323 3090 4394 exprobrari
3117 4325 3237 4378 Deo
3264 4330 3533 4395 tanquam
3563 4323 3689 4379 scili·

431 4425 546 4466 uno
597 4411 670 4464 ob
713 4413 1124 4483 repugnantiam
1166 4411 1254 4466 vel
1295 4410 1728 4466 circumstantias
1768 4411 2021 4464 effectum
2106 4414 2193 4464 cet
2246 4409 2453 4464 Electio
2504 4406 2623 4476 ejus
2676 4410 2889 4464 ratione
2936 4417 3161 4466 careret.
3262 4412 3687 4468 Fundamentum

431 4513 546 4554 non
595 4503 984 4570 consequatur,
1036 4513 1200 4571 quem
1237 4497 1298 4552 in
1336 4499 1448 4553 alio
1481 4497 1711 4553 obtinet.
1799 4497 1915 4553 Nec
1944 4497 2022 4551 vi·
2106 4497 2401 4552 Electionis
2450 4496 2699 4552 Christus
2751 4503 2861 4570 est,
2918 4497 3016 4553 sed
3066 4497 3215 4570 quod
3266 4500 3493 4570 quidam
3524 4501 3691 4554 minus

430 4583 537 4641 deo
577 4585 858 4657 quomodo
896 4587 986 4642 vel
1041 4588 1259 4642 ratione
1291 4587 1378 4640 vel
1418 4587 1752 4641 revelatione
1790 4585 2021 4656 probari
2106 4584 2303 4640 Christi
2346 4584 2639 4656 participes
2681 4589 2808 4638 sunt
2824 4625 2840 4656 ,
2886 4584 3137 4656 ipsorum
3180 4585 3363 4641 finalis
3402 4587 3611 4642 malitia
3636 4586 3698 4644 in<

427 4674 635 4746 possit,
675 4675 908 4743 gratiam
947 4675 1227 4730 victricem
1267 4689 1480 4746 semper
1523 4676 1732 4728 tantam
1761 4683 1915 4744 esse,
1958 4675 2021 4727 ut
2106 4687 2268 4727 causa
2298 4677 2399 4744 est,
2430 4687 2594 4743 quam
2622 4671 2926 4743 reprobans
2954 4672 3228 4744 praevidit
3258 4675 3425 4728 Deus.

427 4766 906 4833 quantamcunque
963 4761 1360 4832 resistentiam,
1425 4765 1867 4832 quantascunque
1914 4759 2019 4814 cir·
2202 4759 2343 4814 135.
2388 4759 2465 4814 At
2502 4759 2591 4815 hie
2627 4773 2815 4816 rursus
2852 4761 3137 4830 quaeritur
3172 4775 3271 4817 cur
3298 4760 3516 4816 diversa
3542 4758 3685 4814 suxi-

427 4850 882 4905 cumstantiarum
906 4847 1348 4915 incongruentias
1369 4852 1508 4902 esset
1530 4851 1866 4918 superatura.
1926 4849 2019 4903 Sa·
2103 4845 2209 4919 lia,
2259 4846 2346 4900 vel
2375 4847 2623 4919 interna,
2679 4846 2766 4902 vel
2806 4853 2955 4902 certe
2982 4853 3240 4919 externa,
3293 4847 3529 4904 diversis
3566 4847 3683 4900 data

427 4936 631 5006 pientis
659 4951 768 4992 non
803 4941 888 4991 est
915 4935 1222 5007 superfluas
1253 4933 1396 4987 vires
1421 4933 1698 4989 adhibere.
2104 4934 2231 5006 sint,
2264 4949 2405 5004 quae
2432 4933 2493 4988 in
2522 4949 2635 4988 uno
2665 4934 2887 4990 vincant
2916 4933 3214 5006 malitiam,
3248 4935 3308 4990 in
3334 4935 3451 4990 alio
3480 4935 3681 4988 vincan-

524 5023 666 5079 129.
719 5023 848 5080 Non
899 5028 1082 5078 tamen
1133 5036 1274 5089 nego
1312 5019 1603 5092 aliquando
1647 5020 1897 5094 evenire,
1954 5023 2021 5075 ut
2104 5021 2233 5075 tur?
2324 5020 2434 5074 Ubi
2474 5021 2873 5078 sententiarum
2910 5021 3151 5078 divortia
3188 5028 3319 5078 nata
3364 5027 3521 5077 sunt:
3559 5035 3698 5084 nous

429 5105 576 5165 Deus
613 5115 804 5168 contra
835 5109 1417 5188 maximatobstacula,
1461 5108 1889 5178 acerrimamque
1919 5107 2017 5163 ob-
2104 5107 2269 5164 nullis
2320 5106 2471 5162 enim
2522 5109 2703 5164 visum
2754 5114 2840 5166 est
2878 5110 3059 5166 Deum
3108 5109 3290 5166 minus
3342 5109 3547 5182 malos,
3591 5115 3669 5160 am
