3717 5850
1139 334 1232 392 lv.
1277 333 1630 392 EPISTOLA
1667 336 1776 392 AD
1813 337 2279 394 THOMASIUM.

3259 338 3347 404 49

99 497 222 554 qma
249 483 312 534 tu
341 477 444 534 Vir
479 477 798 551 clarissime,
843 475 914 532 de
952 475 1346 532 Aristotele
1381 475 1668 534 irmconci-
1725 487 1740 506 ³
1767 479 2033 552 explicari
2062 496 2177 536 non
2204 480 2385 536 solum
2412 497 2591 556 posse,
2630 485 2727 541 sed
2764 489 2823 541 et
2862 487 3087 562 debere,
3126 491 3243 548 imo
3270 509 3341 550 ex

98 569 256 626 liabili
293 583 444 622 nunc
479 567 744 639 disputas.
831 566 986 631 Quae
1035 565 1464 620 Aristoteles
1515 566 1666 622 enim
1765 568 2135 626 Aristotelicis
2162 569 2444 642 principiis
2470 572 2639 628 fluere
2666 591 2735 629 ea
2774 574 2896 646 ipsa
2932 592 3073 648 quae
3098 595 3133 634 a
3160 597 3343 640 tecen-

95 661 152 714 de
191 655 442 726 materia,
481 657 680 727 fornia,
723 653 1050 728 privatione,
1093 659 1309 727 natura,
1361 653 1502 728 loco,
1545 654 1666 710 infi-

93 747 226 816 nito,
263 751 542 817 tempore,
585 748 742 800 motu
789 742 1174 815 ratiocinatur,
1217 741 1476 815 pleraque
1516 749 1664 800 certa

92 842 140 892 ct
164 836 542 890 demonstrata
567 837 716 905 sunt,
741 833 848 888 hoc
873 847 988 888 uno
1025 834 1140 889 fere
1177 832 1380 903 demto,
1425 847 1566 904 quae
1593 832 1663 889 de

93 923 526 997 impossibilitate
573 921 750 994 vacui,
803 925 862 977 et
907 925 1092 978 motus
1141 919 1202 976 in
1229 935 1404 976 vacuo
1453 921 1660 976 asserit.

91 1013 218 1070 Mihi
253 1011 408 1068 enim
445 1027 624 1082 neque
659 1025 898 1066 vacuum
933 1025 1110 1082 neque
1158 1009 1383 1081 plenum
1420 1025 1663 1065 necessa·

91 1103 220 1160 rium
255 1117 406 1172 esse,
457 1104 694 1172 utroque
729 1099 898 1156 modo
935 1113 1120 1155 rerum
1159 1100 1360 1152 natura
1397 1098 1660 1170 explicari

91 1208 236 1264 posse
276 1190 516 1246 videtur.
606 1189 918 1244 Provacuo
964 1190 1212 1262 pugnant
1261 1186 1657 1259 Gilbertus,

91 1278 508 1349 GassenduS,
539 1277 942 1348 Gerickius3
971 1293 1074 1351 pro
1101 1275 1266 1350 pleno
1287 1275 1654 1350 CartesiuS,

91 1368 457 1440 otgivae-12,
489 1367 783 1423 Thomas
821 1365 1120 1438 Anglus‚
1161 1363 1367 1420 c1erk
1409 1351 1474 1420 ih
1511 1363 1658 1421 libro

90 1459 150 1513 de
175 1455 520 1528 plenitudine
555 1455 768 1512 mundi.
835 1453 946 1510 Pro
981 1453 1348 1527 possibilitate
1375 1453 1658 1525 utriusque

90 1547 368 1604 Thomas
407 1544 714 1614 HobbeS‚
765 1546 825 1599 et
873 1543 1224 1600 Robertus
1271 1542 1518 1612 Boyle:
1583 1542 1658 1596 Et

89 1639 267 1705 fateor,
297 1633 595 1689 difficulter
619 1633 860 1705 quidem,
891 1649 1052 1705 posse
1088 1636 1276 1686 tamen
1313 1630 1435 1686 sine
1463 1645 1654 1701 vacuo,

89 1739 258 1780 rerum
283 1721 676 1778 rarefactiones
701 1721 984 1793 explicari.
1052 1720 1180 1776 Vidi
1209 1735 1385 1792 nuper
1409 1719 1447 1774 J
1457 1719 1658 1775 ohan-

87 1813 184 1868 nis
209 1810 586 1883 Baptistae
614 1811 712 1866 Du
743 1811 1008 1882 Hamel,
1039 1808 1238 1866 eruditi
1257 1807 1423 1881 Galli,
1453 1807 1659 1864 librum

87 1903 146 1958 de
172 1916 438 1956 comensu
465 1899 670 1955 veteris
697 1904 756 1954 et
781 1915 960 1955 novae
997 1897 1390 1972 philosophiae,
1433 1895 1659 1952 Parisiis

85 1991 298 2046 nonita
323 1988 540 2062 pridem
561 1988 790 2062 editum,
821 1987 917 2043 ubi
945 1987 1424 2044 celeberrimorum
1449 1985 1662 2058 aliquot

85 2084 320 2135 veterum
347 2081 408 2134 et
433 2077 802 2134 recentiorum
830 2077 1156 2149 hypotheses
1183 2079 1242 2131 et
1279 2073 1514 2148 exponit
1551 2075 1660 2130 ele-

83 2172 284 2240 ganter,
315 2171 376 2222 et
401 2183 566 2238 saepe
593 2169 752 2221 acute
791 2164 1074 2234 dijudicat.
1139 2165 1194 2220 Is
1221 2179 1440 2237 quoque
1469 2163 1538 2219 de
1578 2162 1660 2219 di·

81 2256 270 2312 rortiis
293 2255 440 2311 circa
467 2271 704 2310 vacuum
731 2271 845 2310 non
873 2269 1046 2327 pauca
1073 2255 1254 2310 habet.
1323 2254 1410 2308 De
1445 2254 1661 2308 caetero

81 2346 284 2417 reliqua
333 2345 596 2418 pleraque
645 2343 892 2399 Aristo
905 2343 1028 2400 teli
1043 2360 1070 2397 s
1121 2343 1398 2415 disputata
1435 2341 1495 2398 in
1537 2340 1657 2396 Lib.

83 2435 218 2489 vm.
270 2433 556 2504 Physices,
609 2437 668 2488 et
717 2435 838 2487 tota
886 2431 1280 2504 Metaphysica,
1333 2429 1552 2502 Logiem
1605 2433 1664 2484 et

81 2522 264 2578 Ethim
299 2537 470 2577 nemo
507 2523 622 2577 fere
660 2537 824 2576 sanus
863 2519 926 2575 in
963 2520 1194 2576 dubium
1233 2519 1472 2576 vocabit.
1531 2518 1662 2574 For-

79 2629 222 2668 mam
247 2627 472 2683 quoque
497 2609 932 2682 substantialem,
951 2625 1160 2682 nempe
1186 2608 1244 2664 id
1271 2624 1384 2680 quo
1412 2607 1660 2663 substan·

81 2701 156 2756 tia
179 2700 428 2773 corporis
455 2699 619 2754 unius
647 2715 682 2752 a
711 2698 1019 2754 substantia
1046 2697 1270 2754 alterius
1285 2696 1530 2770 corporis
1557 2696 1662 2752 dir-

85 2793 194 2863 fert,
239 2790 368 2862 quis
406 2805 522 2844 non
561 2787 854 2843 admittat‘t
899 2787 1134 2843 Materia
1170 2786 1350 2860 prima
1389 2785 1527 2842 nihil
1569 2801 1661 2840 ve-

79 2879 200 2935 rius.
269 2879 398 2935 Hoc
425 2893 596 2934 unum
625 2877 686 2933 in
726 2877 1045 2949 quaestione
1071 2883 1172 2949 est,
1213 2892 1288 2931 an
1326 2890 1466 2948 quae
1506 2872 1660 2931 Ari·-

79 2968 370 3024 stoteles
399 2968 474 3023 de
499 2966 750 3038 materia,
782 2968 977 3039 forma,
1009 2970 1066 3022 et
1109 2966 1414 3021 mutatione
1449 2964 1660 3020 abstra-

81 3064 160 3113 cte
193 3055 518 3129 disputavit,
568 3071 636 3111 ea
673 3054 1000 3128 explicanda
1037 3055 1152 3111 sint
1192 3071 1292 3127 per
1327 3052 1660 3126 magnitudi-

81 3162 212 3217 nem,
265 3147 502 3218 liguram
555 3148 614 3199 et
661 3148 892 3199 motum.
959 3144 1024 3200 Id
1073 3142 1388 3199 Scholastici
1437 3145 1656 3214 negant,

82 3236 481 3290 Reformatores
521 3234 817 3289 affirmant.
893 3233 1339 3289 Reformatorum
1387 3231 1660 3286 sententia

82 3324 202 3379 mihi
231 3340 350 3378 non
379 3324 566 3379 solum
603 3322 802 3395 verior,
841 3320 940 3378 sed
981 3327 1038 3377 et
1067 3320 1444 3377 Aristoteli
1484 3319 1658 3392 magis

82 3418 440 3468 consentanea
467 3410 712 3467 videtur:
741 3412 810 3467 de
841 3414 1072 3483 utroque
1103 3410 1340 3467 breviter
1368 3409 1566 3465 dicam.

155 3502 220 3555 V.
265 3503 352 3557 Ae
379 3502 626 3573 primum
662 3500 734 3555 de
772 3499 1178 3556 Aristotele.
1259 3499 1404 3554 Nam
1441 3497 1658 3553 Schola·

81 3592 230 3647 sticos
268 3589 394 3659 ejus
433 3604 654 3645 sensum
693 3589 834 3645 mire
872 3588 1196 3661 depravasse
1231 3588 1320 3643 cui
1359 3586 1535 3659 magis
1575 3592 1660 3641 est

79 3681 370 3751 comatum,
425 3694 593 3751 quam
645 3676 768 3749 tibi,
817 3677 906 3732 vir
943 3677 1260 3748 clarissime,
1311 3676 1406 3747 qui
1451 3676 1656 3731 bonam

81 3773 290 3839 partem
327 3766 492 3837 hujus
531 3766 744 3839 generis
779 3782 1028 3821 errorum
1067 3766 1276 3839 primus
1313 3763 1656 3836 produxisti!

81 3857 144 3911 ld
199 3872 366 3928 quum
426 3860 608 3912 tecum
663 3855 725 3910 in
789 3854 1178 3927 Metaphysicis
1243 3854 1543 3909 Sonerus
1601 3856 1658 3907 et

81 3946 436 4017 DrcieruS,
491 3944 552 3999 in
604 3944 816 4015 Logicis
867 3944 1186 4015 Viottus,
1253 3941 1654 4013 Zabarella,

79 4034 406 4106 Jungius;
455 4033 518 4088 in
557 4033 823 4089 Civilibus
860 4032 1070 4088 Jason
1120 4032 1458 4103 DcnoreS,
1509 4030 1657 4085 Pic-

81 4130 328 4193 (ιιι-ωε,
382 4122 834 4194 ConringiuS,
897 4122 1266 4192 FeldenuS,
1329 4119 1652 4191 DurriuS,

83 4213 344 4284 multique
371 4210 470 4266 alii
503 4214 804 4283 fateantim,
833 4228 930 4265 cur
957 4211 1185 4267 obsecro
1213 4226 1328 4265 non
1349 4209 1540 4265 eadem
1560 4210 1657 4263 aut

81 4300 364 4372 deteriora,
397 4299 460 4355 in
489 4299 730 4369 Physicis
759 4299 1173 4372 suspicabimur,
1215 4297 1371 4367 cujus
1399 4296 1658 4353 scientiae

83 4390 344 4461 Faesidia
373 4404 412 4443 a
440 4405 602 4445 sensu
623 4392 680 4443 et
707 4388 1046 4461 experientia
1074 4392 1132 4443 et
1159 4387 1394 4443 Mathoei
1421 4385 1657 4459 petenda

83 4486 214 4549 sunt,
249 4478 456 4550 quibus
497 4477 872 4535 instrumentis
909 4476 1216 4533 scholastici
1243 4475 1660 4532 Monachalibus

83 4567 324 4623 claustris
377 4566 632 4637 cohibiti,
687 4569 798 4621 fere
847 4582 1070 4639 prorsus
1120 4568 1429 4621 caruerunt.
1519 4562 1662 4620 Satis

89 4657 238 4725 igitur
267 4654 562 4728 probabile
588 4658 676 4709 est
714 4656 774 4709 in
813 4654 1052 4726 physicis
1091 4672 1186 4710 eos
1225 4654 1482 4726 deceptos
1523 4668 1660 4723 esse,

87 4744 200 4815 quid
273 4745 322 4799 si
385 4744 490 4800 hoc
553 4743 796 4816 amplius
807 4784 826 4817 ,
898 4743 1066 4799 nimis
1135 4744 1192 4798 id
1249 4748 1458 4798 certum
1527 4758 1661 4813 csse,

87 4833 396 4889 ostexidaml

163 4924 256 4979 vl.
299 4924 427 4988 Qua
457 4923 518 4978 in
545 4938 608 4977 re
653 4921 854 4993 duplici
883 4936 1070 4977 rursus
1109 4921 1322 4977 ratione
1349 4920 1556 4975 versari
1599 4918 1666 4973 li-

91 5018 178 5065 eet.
251 5012 400 5067 Nam
447 5012 540 5067 vel
593 5010 900 5066 ostenditur
937 5010 1344 5081 Philosophiam
1383 5009 1664 5065 Reforma-

91 5104 194 5155 tam
219 5100 606 5159 Aristotelicas
635 5098 912 5155 conciliari
941 5115 1117 5171 posse,
1147 5102 1208 5154 et
1233 5098 1520 5153 admi-sam
1549 5112 1662 5151 non

91 5206 222 5251 ‘esea
259 5192 344 5247 vel
387 5189 622 5248 ulterius
661 5187 966 5244 ostenditur
1001 5188 1234 5244 alteram
1284 5203 1382 5260 per
1429 5187 1661 5242 alteram

1763 657 1999 714 tioribus
2026 662 2183 714 tanta
2210 674 2417 732 pompa
2445 658 2747 727 jactantur.
2811 663 3001 720 Priore
3040 667 3133 722 via
3170 671 3343 741 possi·

1763 746 1971 818 bilitas,
1996 746 2295 819 posteriore
2312 748 2605 805 necessitas
2623 751 3025 810 conciliationis
3042 757 3337 834 conficitur,

1761 849 2095 908 quamquam
2114 851 2183 891 eo
2206 836 2327 908 ipso
2340 836 2387 890 si
2400 837 2677 908 possibilis
2697 840 3008 898 conciliatio
3016 847 3335 922 ostenditur,
3384 839 3389 849 '

1759 927 2011 980 confecta
2048 942 2136 980 res
2172 929 2269 980 est.
2348 925 2495 982 Nam
2542 928 2647 982 etsi
2684 935 2917 1002 utraque
2950 933 3247 1006 explicatio
3282 943 3339 994 et

1761 1012 2204 1068 scholasticorum
2242 1018 2301 1068 et
2336 1015 2701 1072 recentiorum
2738 1023 2881 1074 esset
2916 1022 3221 1098 possibiliS,
3262 1041 3336 1081 ex

1760 1101 1975 1157 duabus
2026 1106 2212 1158 tamen
2272 1102 2622 1176 possibilibus
2674 1107 3079 1180 Hypothesibus
3121 1129 3339 1186 semper

1759 1189 2012 1262 eligenda
2050 1195 2135 1246 est
2172 1191 2371 1246 clarior
2408 1197 2465 1247 et
2500 1192 2931 1268 intelligibilior‚
2972 1199 3151 1270 qualis
3188 1201 3335 1258 haud

1759 1277 1927 1334 dubie
1965 1283 2049 1334 est
2083 1279 2395 1351 hypothesis
2422 1282 2799 1356 recentiorum,
2829 1300 2969 1357 quae
2997 1289 3151 1344 nulla
3184 1291 3337 1348 entia

1759 1367 2125 1440 incorporalia
2163 1368 2225 1422 in
2262 1369 2457 1424 mediis
2496 1372 2817 1443 corporibus
2855 1374 2961 1430 sibi
3014 1377 3185 1452 fingit,
3239 1381 3335 1436 sed

1759 1461 1977 1528 praeter
2004 1457 2454 1528 magnitudinem,
2492 1459 2722 1532 tigni-am
2760 1467 2817 1518 et
2852 1467 3069 1520 motum
3106 1469 3337 1524 assumit

1757 1543 1913 1600 nihil.
2002 1544 2148 1600 Nam
2184 1546 2609 1617 possibilitatem
2643 1550 3042 1610 conciliationis
3068 1570 3184 1610 non
3211 1573 3336 1628 pos·

1759 1649 1882 1688 sum
1924 1633 2120 1688 melius
2160 1635 2473 1708 ostendere,
2514 1652 2683 1708 quam
2719 1639 2767 1694 si
2806 1643 2992 1712 petam
3040 1643 3161 1698 dari
3200 1644 3340 1702 mihi

1758 1721 1985 1792 aliquod
2038 1721 2368 1795 principium
2416 1723 2827 1783 Aristotelis
2878 1729 3027 1800 quod
3078 1747 3192 1787 non
3238 1749 3338 1805 per

1760 1810 2209 1884 magnitudinem,
2242 1812 2487 1884 {igin-am,
2528 1817 2585 1868 et
2612 1819 2826 1871 motum
2854 1819 3119 1890 explicari
3147 1822 3334 1893 possit.

1849 1898 1967 1954 v11.
2030 1899 2262 1954 Materia
2302 1899 2481 1972 prima
2512 1906 2595 1956 est
2622 1903 2741 1974 ipsa
2770 1919 2967 2000 massa,
3008 1907 3069 1962 in
3106 1924 3216 1980 qua
3252 1911 3338 1966 ni-

1759 1988 1844 2044 hil
1871 1987 2023 2043 aliud
2050 2003 2219 2060 quam
2244 1991 2495 2045 extensio
2532 1994 2590 2045 ct
2618 1977 2985 2069 ἀντιτυπία,
3034 2011 3129 2052 seu
3166 1999 3338 2072 impe-

1758 2075 2131 2148 netrabilitas,
2191 2077 2571 2133 extensionem
2626 2095 2663 2134 a
2710 2082 2893 2154 spatio
2944 2083 3137 2157 habet,
3190 2087 3339 2160 quod

1759 2167 1962 2238 replet,
2000 2169 2201 2222 natura
2240 2164 2361 2238 ipsa
2402 2166 2663 2224 materiae
2700 2169 2761 2225 in
2788 2187 2857 2226 eo
2886 2173 3151 2247 consistit,
3191 2177 3340 2248 quod

1759 2269 2005 2311 crassum
2032 2254 2295 2327 quiddam
2322 2260 2423 2328 est,
2452 2259 2510 2312 et
2538 2256 2970 2334 impenetrabile,
3004 2266 3063 2318 et
3088 2279 3187 2334 per
3211 2281 3341 2322 eon·

1761 2359 1992 2415 sequens
2030 2343 2144 2400 alio
2188 2349 2499 2400 occurrente
2540 2344 2704 2414 (dum
2746 2348 2981 2406 alterum
3016 2352 3207 2410 cedere
3248 2355 3340 2410 de·

1761 2433 1883 2501 bet)
1934 2431 2158 2488 mobile.
2223 2433 2372 2488 Haec
2403 2433 2526 2503 jam
2564 2450 2745 2492 massa
2772 2440 3033 2495 continua
3072 2443 3342 2498 mundum

1760 2522 1994 2594 replens»,
2025 2521 2157 2578 dum
2186 2537 2379 2578 omnes
2420 2521 2539 2591 ejus
2568 2530 2750 2597 partes
2778 2529 3079 2601 quiescunt,
3110 2533 3342 2588 materia

1761 2610 1943 2683 prima
1978 2614 2080 2682 ost,
2122 2626 2195 2666 ex
2232 2626 2343 2683 qua
2370 2611 2559 2668 omnia
2600 2630 2699 2686 per
2740 2621 2953 2672 motum
2992 2618 3145 2692 fiunt,
3186 2624 3243 2675 et
3280 2621 3342 2676 in

1759 2713 1927 2772 quem
1952 2715 2053 2771 per
2078 2699 2320 2770 quietem
2346 2701 2708 2775 resolvuntur,
2731 2709 2815 2759 est
2842 2705 2992 2761 enim
3018 2706 3079 2762 in
3100 2723 3167 2763 ea
3196 2707 3255 2764 in
3283 2725 3343 2765 se

1759 2791 2003 2861 spectata
2032 2789 2183 2856 nulla
2222 2788 2535 2864 diversitas,
2578 2806 2733 2847 mera
2768 2792 3194 2871 homogeneitaS,
3234 2797 3343 2852 nisi

1759 2893 1858 2951 per
1884 2881 2116 2933 motum.
2183 2877 2329 2934 Hinc
2348 2876 2471 2947 jam
2500 2895 2691 2936 omnes
2722 2881 3175 2941 Scholasticorum
3208 2885 3343 2942 nodi

1757 2967 2063 3023 solvuntur.
2132 2966 2379 3021 Primum
2434 2966 2503 3023 de
2552 2974 2676 3025 actu
2712 2970 2832 3038 ejus
2880 2973 3171 3029 entitativo
3213 2978 3343 3031 ante

1757 3070 1983 3110 omnem
2024 3056 2279 3128 formam,
2322 3061 2605 3128 quaerunt.
2672 3058 2745 3113 Et
2770 3061 3207 3133 respondendum
3236 3069 3339 3135 cst,

1757 3161 1879 3201 esse
1919 3159 2043 3200 eam
2082 3160 2181 3199 ens
2219 3148 2351 3200 ante
2377 3161 2600 3201 omnem
2640 3149 2893 3222 sormam,
2934 3166 3103 3223 quum
3140 3152 3343 3208 habeat

1757 3232 2111 3288 existentiam
2138 3248 2315 3288 suam.
2382 3234 2523 3289 Illud
2562 3250 2729 3292 omne
2754 3238 2904 3293 enim
2947 3239 3151 3313 existit,
3194 3242 3343 3314 quod

1757 3322 1820 3378 in
1849 3321 2037 3394 aliquo
2066 3321 2247 3393 spatio
2276 3324 2375 3394 aet,
2406 3323 2553 3395 quod
2583 3324 2652 3380 de
2680 3341 2861 3382 massa
2888 3326 3001 3399 illa,
3033 3330 3188 3384 omni
3217 3330 3343 3385 licet

1761 3414 1917 3467 motu
1946 3414 2003 3465 et
2029 3410 2477 3468 discontinuitate
2504 3417 2739 3487 carente,
2773 3416 2959 3489 negari
2988 3434 3101 3473 non
3144 3423 3340 3491 potest.

1758 3499 2011 3555 Essentia
2038 3503 2225 3555 autem
2254 3501 2533 3575 materiae,
2563 3518 2658 3557 seu
2700 3502 2819 3576 ipsa
2859 3506 3035 3561 forma
3072 3508 3342 3579 corpmei·

1759 3589 1891 3644 tatis
1916 3588 2167 3644 consistit
2194 3588 2254 3643 in
2284 3573 2641 3659 αντιτιυιιὶᾳ
2670 3608 2765 3647 seu
2794 3594 3339 3666 impenetrabilitate·

1757 3676 2124 3749 quantitatem
2150 3692 2367 3748 quoque
2406 3679 2572 3734 habet
2600 3681 2847 3753 materia,
2886 3683 2983 3737 sed
3022 3684 3341 3739 intermina-

1759 3770 1895 3837 tam,
1944 3768 2011 3819 nt
2057 3769 2257 3820 vocant
2295 3766 2780 3840 Averroistae‚
2834 3786 2929 3825 seu
2980 3772 3337 3844 indefinitam,

1757 3854 1891 3909 dum
1942 3852 2093 3909 enim
2142 3852 2405 3909 continua
2442 3858 2543 3927 est,
2586 3856 2646 3910 in
2684 3862 2867 3929 partes
2907 3863 3055 3915 secta
3092 3876 3208 3917 non
3238 3866 3337 3933 est,

1758 3958 1889 4015 ergo
1917 3958 2021 3997 nec
2048 3941 2269 3997 termini
2298 3941 2359 3996 in
2386 3958 2453 3997 ea
2482 3946 2605 3999 actu
2628 3943 2843 4018 dantur,
2878 3940 3017 4023 (non
3048 3948 3117 4003 de
3146 3949 3341 4007 intrin-

1757 4031 1895 4087 seeis
1922 4030 2073 4085 enim
2102 4028 2291 4086 mundi
2322 4046 2416 4086 seu
2446 4032 2617 4087 totius
2644 4048 2873 4109 massae,
2906 4036 3002 4091 sed
3034 4037 3340 4093 intrinsecis.

1756 4119 1999 4193 partium
2028 4118 2279 4177 terminis
2298 4119 2525 4191 loquor)
2551 4123 2803 4179 extensio
2832 4127 3019 4181 tamen
3047 4143 3142 4181 seu
3172 4142 3341 4200 quan·

1759 4210 1889 4265 titas
1920 4208 1979 4264 in
2007 4224 2075 4263 ea
2102 4209 2277 4264 datur.

1847 4298 1993 4353 vul.
2038 4297 2093 4352 A
2144 4297 2375 4353 materia
2424 4302 2764 4355 transeamus
2812 4300 2885 4356 ad
2937 4304 3190 4376 sormam,
3242 4320 3342 4377 per

1759 4386 2164 4459 dispositiones.
2238 4386 2344 4441 Hic
2394 4386 2440 4442 si
2494 4390 2728 4445 formam
2782 4406 3153 4463 supponamus
3204 4392 3341 4449 nihil

1759 4476 1909 4533 aliud
1948 4492 2066 4531 esse
2106 4490 2273 4547 quam
2315 4476 2561 4549 figuram,
2600 4494 2785 4533 rursus
2814 4480 3001 4535 omnia
3040 4481 3178 4537 mire
3214 4498 3343 4537 con·

1760 4566 1963 4621 cinent.
2040 4564 2183 4620 Nam
2233 4580 2401 4637 quum
2442 4564 2615 4637 figura
2654 4566 2731 4621 sit
2774 4568 3041 4625 terminus
3076 4570 3339 4643 eor-poris,

1763 4654 1836 4710 ad
1864 4654 2065 4725 figuras
2092 4654 2355 4709 materiae
2382 4654 2731 4729 inducendaS,
2776 4672 2915 4729 opus
2944 4656 3049 4713 erit
3088 4660 3337 4715 termino.

1765 4743 1842 4797 Ut
1882 4742 2049 4813 igitur
2088 4742 2229 4798 varii
2268 4742 2329 4798 in
2368 4743 2600 4799 materia
2638 4744 2861 4801 temiini
2900 4746 3165 4819 oriantur,
3205 4764 3342 4821 opus

1765 4835 1848 4887 aet
1897 4830 2341 4887 discontinuitate
2390 4832 2643 4905 partium.
2716 4833 2801 4889 Eo
2850 4834 2973 4906 ipso
3022 4836 3173 4891 enim
3210 4834 3341 4892 dum

1763 4919 2143 4976 discontinuae
2170 4924 2298 4975 sunt
2325 4924 2525 4993 partes,
2564 4922 2731 4978 habet
2767 4923 3043 4995 quaelibet
3082 4924 3343 4980 terminos

1764 5012 2045 5109 separatos
2108 5006 2279 5075 (nam
2336 5010 2597 5065 continua
2664 5010 2856 5066 delinit
2913 5012 3341 5068 Aristoteles

1766 5111 1858 5149 ων
1878 5082 1959 5149 τά
1992 5086 2253 5164 ἔσχατα
2282 5084 2357 5149 ἓί
2359 5091 2403 5173 .)
2430 5097 2845 5155 ‹liscontinuitas
2868 5101 3088 5155 autem'
3072 5118 3131 5156 m
3162 5116 3345 5159 massa

1765 5185 1860 5241 illa
1912 5186 2062 5257 prius
2112 5186 2373 5242 continua
2425 5186 2627 5258 duplici
2692 5188 2859 5243 modo
2910 5188 3097 5244 induci
3146 5194 3345 5263 potest,

2618 5274 2649 5325 7
