3717 5850
327 328 473 411 ι156

338 482 702 541 exn-inmun
751 486 968 538 tantum
1019 480 1274 539 tribuerit
1317 480 1481 539 rebus
1518 481 1921 539 dmominatio-

339 589 498 644 nem,
545 586 620 627 an
679 586 811 627 vero
863 571 1106 643 aliquam
1166 570 1458 627 contulerit
1505 571 1921 644 impressionem

339 666 580 718 mamm
609 659 672 713 in
699 659 833 732 ipsis
869 660 1274 733 perdurantem,
1313 660 1418 734 vel,
1461 663 1528 715 ut
1567 660 1777 733 optime
1807 660 1918 715 Dn.

339 747 760 806 Schelhamm
775 764 931 805 erus
967 748 1162 817 judicii
1191 764 1306 804 non
1335 748 1516 803 minus
1543 764 1711 820 quam
1751 764 1917 822 expe-

337 837 568 894 rientiae
609 838 854 909 egregius
895 842 1082 911 vocat,
1130 838 1308 911 legem
1349 836 1572 892 insitam
1624 838 1760 909 (etsi
1801 840 1918 910 ple·

335 940 568 997 rumque
599 942 714 981 non
742 926 1073 982 intellectam
1101 924 1378 998 creaturis,
1407 925 1608 997 quibus
1633 926 1809 996 inest)
1841 940 1917 979 ex

336 1030 447 1086 qua
495 1014 739 1070 actiones
803 1016 1188 1088 passionesque
1246 1017 1666 1086 cousequantur.
1755 1014 1916 1070 Prin·

336 1107 593 1159 autorum
635 1103 950 1173 systematis
983 1118 1268 1159 causarum
1308 1102 1751 1174 occasionalium,
1790 1118 1917 1159 aeu-

337 1192 537 1247 tissimi
571 1192 840 1265 imprimis
868 1191 1398 1264 Malebranchii‚
1428 1192 1628 1264 dogma
1667 1192 1914 1263 videtur3

336 1280 604 1351 posterius
643 1284 920 1354 reeeptum
957 1284 1059 1355 est,
1103 1282 1162 1335 et
1197 1283 1263 1336 ut
1309 1296 1414 1355 ege
1452 1281 1709 1352 arbitror,
1749 1280 1917 1336 veris-

335 1384 553 1425 simum.

427 1458 486 1511 6.
529 1457 675 1512 Nam
716 1455 895 1525 jussio
943 1455 1042 1513 illa
1091 1456 1384 1530 praeterita
1431 1470 1556 1513 cum
1605 1472 1752 1513 nunc
1799 1471 1917 1512 uon

334 1545 555 1619 existat,
611 1544 747 1601 nihil
796 1560 942 1600 nune
994 1546 1208 1601 efficere
1259 1550 1457 1619 potest,
1509 1545 1617 1601 nisi
1673 1545 1915 1617 aliquem

335 1637 464 1689 tunc
507 1636 632 1707 post
659 1650 718 1689 se
749 1632 1031 1705 reliquerit
1073 1636 1326 1689 effectum
1365 1634 1771 1707 subsistentem,
1817 1634 1915 1707 qui

333 1738 478 1779 nunc
509 1738 728 1794 quoque
759 1722 918 1777 duret
945 1726 1002 1777 et
1033 1726 1316 1796 opereturz
1343 1728 1400 1779 et
1420 1722 1516 1795 qui
1543 1738 1698 1779 secus
1727 1724 1913 1795 sentit,

331 1811 506 1882 omni,
539 1812 586 1866 si
616 1812 746 1883 quid
771 1810 983 1884 judico,
1017 1811 1308 1867 distinctae
1349 1828 1530 1867 rerum
1557 1811 1915 1884 explicationi

331 1900 642 1971 renunciat3
682 1899 899 1973 quidvis
925 1914 1000 1953 ex
1028 1900 1234 1971 quovis.
1249 1900 1509 1972 consequi
1535 1900 1656 1973 pari
1673 1898 1804 1968 jure
1831 1900 1916 1957 di·

330 1992 532 2060 cturus»,
575 1991 624 2043 si
655 1988 712 2044 id
742 1989 888 2061 quod
930 1988 1053 2044 loeo
1091 1994 1404 2063 temporeve
1433 1993 1519 2043 est
1544 1990 1760 2061 absens,
1791 1989 1913 2044 sine

332 2076 674 2150 interposite,
707 2076 794 2133 hic
824 2081 881 2133 et
909 2092 1056 2133 nunc
1075 2078 1293 2150 operari
1313 2082 1510 2150 potest.
1555 2078 1746 2149 ltaque
1777 2078 1913 2134 satis

331 2182 448 2221 non
475 2168 561 2220 est
587 2164 712 2238 dici,
742 2166 922 2221 Deum
952 2166 1113 2224 initio
1139 2184 1228 2223 res
1257 2172 1534 2223 creantem
1565 2166 1816 2239 voluisse,
1848 2170 1913 2222 ut

329 2257 536 2310 certam
575 2255 850 2326 quandam
887 2255 1066 2327 legem
1102 2256 1164 2311 in
1203 2271 1493 2328 progressu
1533 2254 1907 2329 observarent,

328 2342 378 2397 si
405 2342 660 2397 voluntas
690 2342 810 2411 ejus
843 2344 1078 2416 fingatur
1107 2345 1188 2401 ita
1216 2344 1382 2401 fuisse
1412 2345 1683 2417 inefficax,
1713 2348 1778 2400 ut
1815 2360 1907 2400 res

329 2430 404 2487 ab
431 2446 498 2486 ea
525 2448 638 2486 non
668 2432 872 2488 fuerint
899 2434 1146 2507 affectae,
1177 2450 1280 2489 nee
1308 2432 1571 2489 durabilis
1615 2432 1674 2487 in
1717 2432 1787 2487 iis
1827 2436 1907 2490 ef·

328 2520 502 2575 fectus
529 2520 604 2574 sit
633 2520 942 2593 productus.
1031 2522 1102 2578 Et
1129 2526 1336 2595 pugnat
1375 2524 1622 2594 profecto
1652 2536 1778 2576 cum
1809 2538 1909 2578 no·
1977 2570 1980 2573 .

328 2608 480 2665 tione
505 2607 726 2664 divinae
763 2609 1044 2682 potentiae
1089 2610 1509 2683 voluntatisque,
1553 2625 1722 2682 purae
1759 2610 1909 2666 illius

327 2700 385 2753 et
413 2696 711 2770 absolutae,
759 2699 895 2755 velle
922 2699 1103 2754 Deum
1133 2702 1190 2755 et
1227 2704 1415 2755 tamen
1446 2698 1682 2754 volendo
1709 2700 1911 2771 produ-

327 2800 452 2841 cere
482 2789 579 2840 aut
607 2784 902 2843 immutare
930 2787 1098 2859 nihi13
1137 2804 1404 2860 agereque
1433 2803 1664 2861 semper,
1697 2788 1909 2843 efficere

327 2888 629 2947 nunquam,
659 2890 834 2948 neque
863 2892 1001 2950 opus
1032 2877 1118 2933 vel
1148 2863 1566 2950 ἀποτελεσμα
1601 2876 1909 2950 relinquere

327 2963 516 3020 ullum.
602 2963 760 3019 Certe
790 2966 840 3021 si
881 2966 1017 3021 niln'l
1053 2967 1314 3022 creaturis
1353 2967 1676 3040 impressum
1714 2971 1798 3022 est
1825 2967 1909 3023 di·

325 3051 458 3107 vino
510 3051 609 3108 illo
659 3053 858 3110 verbo:
917 3055 1180 3128 producat
1244 3059 1418 3128 tim,
1472 3055 1907 3127 multiplicemini

325 3139 616 3212 animalia3
661 3143 710 3196 si
737 3159 826 3198 res
851 3143 1080 3216 perinde
1112 3147 1240 3216 post
1267 3145 1446 3217 ipsum
1477 3146 1627 3200 mere
1656 3146 1902 3218 affectae,

326 3245 392 3285 ae
420 3229 469 3283 si
496 3229 708 3285 nullum
740 3229 957 3299 jussum
991 3232 1406 3304 intervenisset3
1445 3247 1780 3303 consequens
1819 3237 1907 3288 est

328 3317 481 3387 (eum
519 3320 862 3374 connexione
901 3320 1086 3391 aliqua
1123 3321 1270 3376 inter
1307 3335 1526 3375 eausam
1557 3324 1616 3375 et
1651 3321 1906 3377 effectum

325 3421 464 3479 opus
493 3405 584 3479 sit,
623 3407 714 3461 vel
757 3408 1091 3480 immediata,
1131 3408 1221 3464 vel
1251 3425 1348 3481 per
1387 3407 1610 3481 aliquod
1647 3408 1907 3466 interme-

324 3493 508 3564 dium)
538 3499 636 3549 aut
662 3495 800 3550 nihil
831 3497 946 3551 fueri
984 3511 1131 3552 nunc
1160 3501 1588 3553 eonsmtaneum
1619 3497 1902 3574 mandato,

323 3586 422 3638 aut
472 3583 794 3640 mandatum
833 3589 1048 3640 tantum
1085 3585 1320 3641 valuisse
1357 3585 1418 3640 in
1447 3601 1725 3661 praesens,
1765 3605 1907 3643 sem·

323 3688 422 3744 per
479 3673 854 3729 renovandum
911 3675 972 3728 in
1032 3676 1308 3746 futurum3
1371 3675 1522 3747 quod
1585 3675 1665 3731 Cl.
1726 3677 1907 3734 Autor

322 3759 523 3817 merito
560 3776 596 3816 a
637 3778 697 3816 se
733 3761 1006 3818 amolitur.
1094 3763 1192 3819 Sin
1233 3779 1366 3820 vero
1401 3763 1497 3818 lex
1540 3780 1576 3818 a
1619 3765 1742 3820 Deo
1789 3766 1907 3822 lata

321 3848 544 3920 reliquit
604 3849 831 3922 aliquod
884 3849 970 3906 sui
1029 3867 1354 3926 expressum
1413 3852 1474 3908 in
1523 3853 1690 3908 rebus
1737 3855 1908 3910 vesti-

187 3979 214 3998 .
319 3936 496 4011 gium,
529 3938 578 3993 si
603 3955 694 3994 res
725 3939 806 3995 ita
843 3940 994 3995 fuere
1023 3943 1291 3998 fonnatae
1319 3941 1597 4014 mandato,
1637 3946 1701 3996 ut
1743 3949 1906 4017 aptae

319 4025 677 4082 redderentur
725 4029 796 4084 ad
849 4027 1184 4101 implendam
1233 4028 1483 4098 jubentis
1533 4030 1904 4104 voluntatem3

313 4111 437 4181 jam
480 4115 888 4171 coneedendum
928 4121 1027 4188 est,
1068 4117 1348 4188 quandam
1388 4117 1624 4173 inditam
1661 4135 1781 4177 esse
1820 4137 1906 4176 re-

321 4199 426 4256 bus
465 4203 764 4258 efficaciam
779 4243 795 4275 ,
837 4205 1101 4276 formam,
1143 4205 1233 4259 vel
1271 4205 1413 4277 vim,
1455 4206 1634 4276 qualis
1673 4213 1905 4265 naturae

319 4287 548 4345 nomine
573 4306 610 4345 a
637 4291 803 4346 nobis
831 4291 1002 4364 accipi
1031 4292 1191 4366 solet,
1233 4309 1304 4348 ex
1335 4309 1443 4364 qua
1471 4295 1638 4350 series
1667 4297 1903 4368 phaeno-

317 4391 607 4433 menorum
635 4379 706 4434 ad
745 4379 911 4453 primi
947 4379 1137 4449 ,iussus
1173 4382 1568 4455 praescriptum
1611 4401 1901 4459 conseque-

318 4469 484 4523 retur.

409 4554 466 4610 7.
510 4555 662 4611 Haec
701 4559 889 4612 autem
931 4557 1016 4612 vis
1053 4557 1223 4613 insita
1263 4556 1518 4614 distincte
1556 4559 1776 4632 quidem
1815 4561 1900 4618 in-

315 4641 488 4715 telligi
507 4647 714 4716 potest,
747 4645 846 4701 sed
875 4659 992 4702 non
1017 4645 1282 4720 explicari
1309 4647 1763 4721 imaginabiliter3
1796 4667 1899 4707 nee

317 4747 452 4787 sane
492 4732 573 4788 ita
599 4733 864 4806 explicari
891 4735 1084 4808 debet,
1125 4751 1239 4791 non
1280 4737 1454 4810 magis
1494 4753 1660 4810 quam
1700 4743 1897 4795 natura

313 4820 560 4892 animae3
611 4825 698 4876 est
747 4822 895 4877 enim
945 4824 1030 4878 vis
1071 4841 1144 4879 ex
1182 4841 1372 4880 eamm
1409 4841 1593 4882 rerum
1645 4843 1893 4901 numero,

314 4923 455 4982 quae
483 4925 594 4966 non
639 4910 1050 4984 imaginatione,
1089 4913 1184 4968 sed
1223 4913 1502 4970 intellectu
1533 4915 1893 4988 attinguntur.

313 4999 503 5072 ltaque
531 4999 679 5072 quod
718 4999 860 5074 petit
897 5000 997 5056 Vir
1021 5003 1088 5057 cl.
1133 5018 1183 5060 e.
1217 5004 1274 5057 4.
1350 5044 1363 5057 .
1397 5003 1454 5058 6.
1493 5003 1895 5061 dissertationis

313 5089 702 5162 apologetieae,
734 5088 1159 5162 imaginabiliter
1195 5109 1308 5166 exp
1413 5092 1460 5148 ri
1497 5093 1741 5168 modum,
1781 5112 1895 5168 quo

313 5176 406 5233 lex
436 5178 604 5235 insita
631 5178 692 5236 in
732 5179 1052 5253 corporibus
1084 5180 1221 5254 legis
1253 5181 1458 5255 ignaris
1485 5187 1741 5257 operetur
1755 5223 1772 5256 ,
1813 5185 1895 5242 sic

1505 346 1520 359 ⁹
1551 340 1613 398 L.
1701 338 1802 397 DE
1845 338 2007 398 IPSA
2060 338 2385 397 NATURA.

2020 481 2248 555 accipio,
2276 486 2341 537 ut
2368 478 2641 537 desideret
2668 476 2874 551 exponi
2900 473 3337 549 intelligibiliter,
3382 490 3458 533 ue
3500 474 3619 530 sei-

2018 571 2147 627 licet
2172 571 2425 627 credatur
2452 568 2730 643 postulare
2757 570 2821 623 ut
2848 566 2973 622 soni
3000 565 3309 638 pingantur,
3338 564 3425 619 vel
3454 565 3621 620 eolo-

2018 674 2107 717 res
2136 659 2445 716 audiantur.
2528 656 2741 713 Deinde
2770 654 2821 710 si
2844 654 3157 728 explicandi
3194 654 3489 711 difficultas
3528 652 3619 708 ad

2018 764 2105 805 res
2134 748 2461 817 rejiciendas
2486 746 2697 818 sufficit,
2728 746 3140 816 consequenter,
3170 758 3311 815 quae
3340 742 3461 814 ipsc
3489 740 3619 797 sibi

2019 820 2223 906 iniuria
2255 834 2517 909 imputari
2548 834 2811 907 queritur,
2842 848 2978 906 cap.
3020 832 3073 887 l.
3103 828 3155 896 §-
3188 830 3247 886 2.
3276 832 3423 903 quod
3454 830 3619 885 scili·

2016 928 2104 982 cet
2132 928 2321 983 omnia
2348 940 2462 981 non
2490 922 2597 979 nisi
2636 922 2829 979 divina
2862 922 3067 977 virtute
3104 920 3315 977 moveri
3354 923 3618 975 statuere

2016 1015 2191 1087 malit,
2226 1029 2393 1087 quam
2420 1010 2631 1084 aliquid
2660 1011 2951 1067 admittere
2976 1014 3207 1065 naturae
3232 1008 3473 1080 nomine,
3501 1023 3616 1063 cu-

2009 1101 2105 1172 jus
2133 1106 2387 1159 naturam
2428 1100 2661 1173 ignoret.
2746 1100 2907 1155 Certe
2954 1098 3077 1171 pari
3110 1096 3243 1166 jure
3290 1098 3619 1153 niterentur

2016 1191 2185 1248 etiam
2214 1191 2491 1249 Hobbes
2529 1193 2587 1245 et
2624 1188 2741 1261 alii,
2782 1187 2881 1259 qui
2908 1202 3099 1243 omues
3130 1202 3217 1241 res
3244 1187 3437 1243 volunt
3472 1200 3617 1240 eme

2014 1296 2320 1354 comoneas,
2360 1278 2492 1353 quia
2524 1278 2663 1334 nihil
2694 1276 2803 1333 nisi
2840 1292 3037 1349 corpus
3072 1274 3325 1333 distincte
3362 1280 3419 1331 ct
3455 1275 3617 1330 ima·

2015 1369 2329 1441 ginabiliter
2382 1366 2649 1440 explicari
2694 1382 2858 1440 posse
2895 1365 3005 1421 sibi
3052 1364 3397 1437 persuadent.
3484 1362 3613 1419 Sed

2014 1458 2098 1516 illi
2150 1457 2259 1530 ipsi
2308 1472 2383 1513 ex
2428 1472 2499 1513 eo
2546 1456 2672 1528 ipso
2728 1458 2877 1513 reete
2920 1454 3257 1526 refutantur,
3308 1452 3457 1525 quod
3506 1452 3615 1507 vis

2014 1546 2213 1617 agendi
2260 1546 2425 1604 rebus
2476 1544 2641 1617 inest,
2693 1558 2835 1616 quae
2878 1558 2953 1599 ex
2992 1540 3439 1615 imaginabilibus
3477 1556 3611 1597 non

2012 1634 2319 1707 derivatum
2362 1648 2595 1705 eamque
2632 1632 2696 1688 in
2733 1632 2839 1689 Dei
2876 1632 3215 1704 mandatum,
3256 1630 3393 1687 olim
3418 1630 3609 1685 semel

2014 1724 2222 1797 datum,
2252 1740 2342 1780 res
2370 1723 2523 1779 nullo
2550 1721 2718 1778 modo
2744 1720 3010 1795 afficiens,
3044 1736 3147 1777 nec
3180 1720 3437 1777 eflectum
3463 1724 3611 1792 post

2014 1828 2076 1867 se
2104 1812 2417 1884 relinquens
2446 1810 2769 1885 simpliciter
2796 1808 3037 1881 rejicere,
3068 1813 3285 1865 tantum
3310 1808 3486 1882 abest,
3534 1813 3609 1864 ut

2013 1902 2156 1958 foret
2180 1895 2553 1956 reddere‘rem
2580 1898 3012 1971 explicationem,
3042 1902 3105 1954 ut
3132 1900 3315 1970 potius
3338 1897 3609 1971 deposita

2012 1990 2321 2063 philosophi
2372 2004 2610 2062 persona
2662 1991 2810 2043 esset
2860 1986 3043 2059 gladio
3089 1988 3341 2060 gordium
3378 1987 3603 2043 nodum

2012 2094 2218 2135 secare.
2306 2078 2559 2133 Ceterum
2588 2075 2898 2133 distinctior
2932 2080 2989 2131 et
3026 2077 3226 2131 rectior
3252 2075 3337 2130 vis
3376 2075 3605 2132 activae

2010 2166 2325 2240 explicatio,
2356 2182 2523 2239 quam
2559 2167 2817 2221 hactenus
2854 2164 3043 2221 habita
3084 2168 3185 2236 est,
3224 2180 3297 2220 ex
3338 2164 3607 2234 dynami·

2008 2257 2089 2313 cis
2118 2257 2341 2328 nostriS,
2369 2256 2659 2327 legumque
2688 2258 2917 2310 naturae
2954 2258 3013 2309 et
3040 2257 3222 2309 motus
3260 2268 3392 2308 vera
3430 2253 3607 2309 aaeti-

2008 2345 2252 2401 matione
2278 2344 2339 2401 in
2367 2344 2477 2400 illis
2506 2344 2725 2416 tradita,
2754 2345 2813 2399 et
2836 2342 3003 2399 rebus
3028 2346 3417 2417 consentanea,
3449 2342 3605 2399 deri-

2006 2438 2183 2491 vatur.

2098 2522 2156 2577 8.
2203 2520 2364 2587 Quod
2413 2520 2461 2576 si
2512 2519 2637 2593 quis
2688 2520 2945 2577 defensor
2981 2518 3357 2593 philosophiae
3390 2534 3601 2593 novae,

2006 2612 2267 2667 inertiam
2306 2626 2491 2665 rerum
2530 2613 2588 2666 et
2624 2612 2905 2681 torporem
2941 2608 3363 2681 introducentiS,
3400 2624 3472 2664 eo
3500 2624 3603 2664 us-

2008 2716 2115 2773 que
2152 2698 2549 2773 progrediatur,
2600 2702 2663 2753 ut
2710 2714 2933 2753 omnem
2977 2697 3146 2768 jussis
3175 2698 3281 2753 Dei
3330 2698 3599 2753 effectum

2008 2788 2314 2846 durabilem
2340 2787 2741 2859 efficaciamque
2770 2787 2831 2841 in
2862 2788 3105 2843 futurum
3124 2787 3391 2860 adimens,
3420 2787 3597 2842 etiam

2008 2894 2182 2935 novas
2242 2892 2459 2950 semper
2508 2876 2823 2934 molitiones
2875 2874 2951 2932 ab
3000 2875 3123 2949 ipso
3177 2876 3400 2950 exigere
3450 2877 3597 2933 nihil

2008 2967 2166 3042 pensi
2204 2967 2420 3037 habeat,
2454 2960 2637 3042 (quod
2666 2967 2773 3022 Dn.
2811 2965 3157 3022 Sturmius
3185 2983 3222 3022 a
3248 2983 3309 3021 se
3338 2967 3597 3022 alienum

2009 3073 2131 3112 esse
2157 3057 2458 3129 prudentur
2486 3052 2801 3128 profitetur)
2828 3055 2879 3110 is
2908 3069 3075 3127 quam
3112 3055 3279 3127 digna
3304 3055 3427 3112 Deo
3464 3073 3599 3110 sen-

2008 3145 2127 3218 tiat,
2156 3144 2275 3216 ipse
2302 3143 2529 3216 viderit,
2572 3144 2821 3200 excusari
2848 3147 3034 3200 autem
3074 3158 3187 3199 non
3216 3145 3437 3217 poterit,
3476 3145 3596 3199 nisi

2006 3233 2277 3290 rationem
2302 3233 2517 3304 afferat,
2556 3248 2654 3288 cur
2680 3249 2767 3288 res
2796 3232 3019 3305 quidem
3054 3232 3209 3306 ipsae
3248 3233 3596 3304 aliquamdiu

2006 3322 2201 3378 durare
2230 3321 2461 3395 possint,
2492 3320 2759 3377 attributa
2796 3325 2981 3377 autem
3010 3337 3212 3394 rerum,
3242 3337 3383 3394 quae
3412 3323 3473 3376 in
3504 3323 3597 3394 ip-

2008 3411 2084 3466 sis
2110 3415 2339 3466 naturae
2368 3409 2594 3466 nomine
2619 3410 2993 3483 intelligimuS,
3020 3410 3293 3466 durabilia
3320 3425 3443 3466 esse
3468 3427 3593 3467 non

2006 3500 2252 3572 possint=
2290 3515 2387 3554 eur
2424 3503 2610 3554 tamen
2644 3504 3074 3555 consentaneum
3094 3499 3203 3572 -sit,
3232 3499 3595 3571 quemadmo-

2008 3589 2140 3644 dum
2166 3587 2399 3644 verbum
2426 3589 2549 3659 fiat,
2589 3587 2795 3660 aliquid
2834 3593 2961 3662 post
2998 3605 3057 3643 se
3090 3587 3344 3661 reliquit,
3382 3605 3595 3663 nempe

2004 3695 2125 3734 rem
2154 3677 2333 3750 ipsam
2354 3677 2767 3748 persistentem3
2796 3676 2877 3732 ita
2904 3677 3137 3734 verbum
3164 3677 3593 3734 benedictio-

2005 3783 2045 3822 n
2058 3767 2075 3821 i
2090 3785 2116 3822 s
2160 3783 2275 3822 non
2306 3765 2488 3820 minus
2518 3766 2821 3839 mirificum,
2852 3767 3096 3838 aliquam
3132 3771 3259 3838 post
3296 3783 3359 3821 se
3395 3765 3455 3821 in
3496 3785 3591 3822 re·

2006 3856 2109 3912 bus
2136 3854 2425 3926 reliquisse
2462 3853 2795 3927 produeendi
2834 3857 2989 3910 aetus
3029 3863 3179 3927 suos,
3212 3857 3593 3928 operandique

2004 3944 2431 4001 foecunditatem
2476 3943 2744 4016 nisumve,
2784 3959 2859 3998 ex
2894 3959 3005 4016 quo
3040 3944 3309 4017 operatio,
3352 3943 3402 3998 si
3444 3945 3587 4000 nihil

2002 4035 2188 4090 obstet
2214 4036 2591 4104 consequatur.
2662 4024 2877 4098 Quibus
2902 4032 3033 4088 addi
3062 4037 3243 4106 potest
3267 4033 3417 4106 quod
3445 4034 3585 4090 alibi

2002 4139 2037 4178 a
2066 4139 2155 4178 me
2182 4121 2516 4194 explicatum
2554 4124 2655 4194 est,
2700 4125 2759 4175 et
2797 4121 2848 4174 si
2890 4122 3137 4178 nondum
3174 4124 3406 4178 fortasse
3446 4123 3587 4178 satis

2001 4215 2344 4283 perspoetum
2372 4209 2647 4281 omnibus,
2684 4209 2864 4281 ipsam
2900 4227 3085 4267 rerum
3112 4211 3478 4267 substantiam
3522 4211 3585 4266 in

2001 4299 2197 4372 agendi
2226 4298 2581 4372 patiendique
2606 4297 2665 4356 vi
2692 4299 3016 4355 consistere:
3056 4300 3203 4356 unde
3240 4315 3587 4373 consequens

2002 4393 2105 4460 est,
2138 4403 2211 4442 ne
2236 4403 2325 4441 res
2353 4387 2576 4458 quidem
2596 4386 2863 4444 durabilis
2884 4389 3109 4461 produci
3137 4405 3318 4462 posse,
3350 4390 3399 4444 si
3428 4391 3585 4446 nulla

2001 4477 2135 4550 ipsis
2165 4475 2251 4530 vis
2278 4475 2613 4547 aliquamdiu
2642 4492 2968 4548 permanens
3008 4478 3199 4533 divina
3234 4479 3443 4534 virtute
3480 4479 3587 4534 im·

1998 4564 2164 4638 primi
2204 4567 2403 4636 potest.
2490 4565 2576 4620 lta
2615 4569 2931 4636 sequeretur
2968 4567 3176 4622 nullam
3214 4567 3585 4623 substantiam

1998 4655 2256 4724 creatam,
2286 4653 2497 4708 nullam
2524 4653 2768 4708 animam
2798 4655 3033 4710 (andem
3060 4671 3293 4711 numero
3333 4671 3581 4730 manere,

1998 4742 2239 4813 nihilque
2265 4741 2407 4796 adeo
2434 4757 2469 4796 a
2492 4743 2613 4797 Deo
2634 4743 2964 4818 conservari,
2996 4761 3061 4799 ac
3080 4743 3312 4817 proinde
3342 4761 3433 4800 res
3464 4761 3586 4802 om-

1996 4847 2093 4886 nes
2120 4845 2242 4885 esse
2263 4834 2479 4885 tantum
2498 4831 2760 4886 evanidas
2780 4834 3044 4904 quasdam
3072 4833 3385 4889 sive-fluxas
3416 4834 3585 4890 unius

1994 4918 2213 4975 divinae
2242 4920 2587 4976 substantiae
2628 4921 3004 4993 permanentis
3032 4919 3491 4995 modificatione-S,
3528 4930 3580 4980 et

1994 5009 2297 5081 phasmata,
2326 5013 2391 5063 ut
2423 5008 2502 5064 sic
2530 5009 2743 5080 dicam3
2784 5015 2841 5065 et
2868 5011 3017 5082 quod
3054 5011 3253 5066 eodem
3290 5012 3457 5086 redit,
3502 5013 3583 5085 ip·

1994 5113 2112 5151 sam
2170 5099 2451 5171 naturam,
2513 5099 2603 5153 vel
2660 5099 3029 5156 substantiam
3082 5115 3265 5156 rerum
3326 5101 3581 5158 omnium

1994 5187 2173 5243 Deum
2204 5203 2355 5261 esse3
2394 5187 2615 5260 qualem
2643 5187 2915 5262 pessimae
2945 5193 3113 5246 notae
3140 5188 3449 5248 doctrinam
3478 5207 3579 5248 uu·
