3717 5850
360 260 448 326 60
870 322 893 336 ,
1317 269 1381 324 V.
1440 268 1542 324 DE
1570 268 1779 325 STlLO
1815 267 2342 326 PHILOSOPHICO
2381 266 2674 321 leoLu.

365 412 455 469 vel
482 427 554 467 ex
583 427 717 467 voce
744 427 841 484 per
868 428 947 484 se,
991 410 1079 466 vel
1107 425 1181 465 ex
1208 408 1637 467 circumstantiis
1666 410 1946 467 orationis.
1995 406 2004 509 ι
2050 416 2167 467 tam
2193 425 2298 465 usu
2325 407 2645 480 originario,
2675 422 2844 480 quam
2871 404 3265 479 significatione
3292 410 3496 467 formali
3517 414 3592 473 de-

367 499 602 558 claritas
630 498 779 555 vocis
808 517 907 571 per
936 516 995 555 se
1022 514 1211 555 rursus
1238 499 1377 556 duos
1406 500 1573 557 habet
1602 501 1811 556 sontoez
1840 516 1951 557 on·

368 590 557 664 ginem
609 592 666 643 et
716 604 891 657 usum.
980 588 1151 660 Origo
1200 593 1387 645 autem
1436 590 1587 646 vocis
1626 589 1853 645 tandem
1890 588 1950 643 in

2051 498 2301 573 ligcndiS,
2333 497 2472 553 illud
2501 496 2744 553 maxime
2765 494 3164 567 dispiciendum
3189 500 3289 569 oet,
3319 501 3382 553 ut
3407 516 3472 554 ex
3495 502 3592 573 plu·

2050 588 2205 645 ribus
2233 604 2293 642 se
2321 586 2678 643 offerentibus
2705 586 2940 657 eligatur
2967 588 3195 657 propior
3229 584 3426 658 origini
3457 592 3592 649 vocis,

370 678 481 735 duo
506 675 814 750 resolvitur,
844 693 1007 733 usum
1026 676 1243 751 radiciS,
1266 682 1323 733 et
1342 678 1657 748 analogiam
1676 695 1751 733 ex
1768 676 1954 735 radice
2003 650 2007 720 Ῑ
2054 678 2243 733 Electa
2281 680 2468 731 autem
2505 675 2677 729 semel
2712 672 3038 745 significatio
3074 672 3124 727 si
3163 672 3314 731 locus
3351 677 3450 730 fert
3479 680 3594 735 rali-

372 768 547 823 factae
606 765 979 823 derivationis,
1068 766 1211 821 Usus
1282 771 1366 825 est
1422 765 1745 839 significatio
1802 764 1954 821 vocis

372 854 736 911 communiter
764 860 899 911 nota
928 854 1121 911 eadem
1150 855 1337 929 lingua
1364 856 1658 911 utentibus.
1748 854 1955 911 Analo-

372 944 465 1017 gia
494 946 577 999 est
604 942 927 1015 significatio
954 944 1212 1001 flexionis
1238 961 1337 999 seu
1364 942 1719 1000 derivationis
1762 943 1955 999 itidem

373 1036 509 1087 nota
548 1032 741 1088 cadem
791 1033 981 1105 lingua
1029 1034 1308 1089 utentibus
1358 1050 1410 1086 v.
1450 1052 1501 1105 g.
1553 1032 1707 1088 :vocis
1756 1032 1956 1087 Fatum

372 1136 505 1176 usus
542 1120 632 1176 vel
668 1120 991 1194 significatio
1028 1126 1163 1176 nota
1201 1126 1285 1176 est
1312 1121 1603 1177 limitas
1630 1124 1956 1191 eventuum3

374 1206 620 1279 ejusdem
650 1210 806 1283 origo
834 1208 1181 1283 componitur
1210 1224 1283 1264 ex
1310 1226 1415 1264 usu
1442 1209 1641 1265 radicis
1681 1214 1739 1265 et
1766 1208 1956 1265 analo-

374 1298 495 1371 gia:
534 1298 699 1353 radix
734 1303 819 1354 cst
856 1300 969 1369 for,
1011 1298 1102 1354 vel
1141 1297 1277 1371 sari,
1322 1298 1521 1354 radicis
1560 1314 1694 1354 usus
1718 1302 1831 1354 est:
1876 1296 1958 1353 di-

2005 1219 2011 1341 i
2057 1209 2224 1265 clara.

2003 733 2009 858 Ι
2057 765 2234 839 genda
2272 765 2334 819 in
2373 764 2749 821 definitionem
2789 760 3074 831 (definitio
3113 761 3264 817 enim
3299 762 3432 821 nihil
3473 767 3598 825 aliud

2055 859 2156 927 est,
2188 868 2356 925 quam
2381 852 2706 923 significatio
2737 849 2920 907 verbis
2947 866 3236 923 expressag
3275 866 3370 907 seu
3395 852 3596 929 brevim,

2055 942 2380 1015 significatio
2419 940 2749 1014 significata)
2789 944 2848 995 et
2885 938 3128 995 auditori
3155 939 3409 995 lectorive
3435 958 3600 1016 mpo-

2057 1031 2238 1087 nenda
2266 1035 2366 1086 est.
2454 1030 2522 1086 lu
2559 1027 2870 1085 definiendo
2899 1044 3014 1083 non
3045 1028 3102 1083 id
3129 1028 3311 1083 solum
3337 1032 3600 1091 curandum

2057 1126 2166 1193 est,
2209 1124 2272 1175 ut
2309 1118 2556 1175 definitio
2599 1118 2674 1173 sit
2711 1116 2988 1190 reciproce
3027 1133 3174 1189 vera,
3215 1117 3314 1173 sed
3351 1121 3421 1193 et,
3460 1124 3516 1175 ut
3547 1122 3604 1179 sit

2145 1296 2292 1353 vm.
2337 1294 2584 1352 Termini
2623 1293 2792 1366 igitur
2829 1293 3060 1351 technici
3099 1309 3236 1350 cane
3277 1292 3430 1367 peius
3455 1300 3606 1353 etan-

376 1403 524 1457 cere,
569 1386 821 1459 analogia
861 1386 963 1441 sati
1002 1390 1111 1441 est:
1157 1388 1359 1458 satum,
1400 1402 1511 1458 qua
1548 1386 1608 1442 in
1636 1387 1824 1460 lingua
1852 1385 1958 1442 La·
2005 1342 2012 1458 1
2059 1402 2164 1458 gue
2213 1384 2457 1458 fugiendi
2507 1386 2655 1455 sunt,
2705 1387 2763 1438 et
2799 1382 3188 1439 abstinendum
3233 1382 3478 1456 inprimis
3522 1385 3608 1443 illis

375 1474 495 1530 tina
544 1474 877 1547 significatur
926 1474 1277 1547 participium
1324 1477 1625 1548 perfectum
1674 1475 1958 1549 passivum
2007 1467 2010 1480 '

374 1562 591 1635 radiciS,
620 1566 685 1618 ut
712 1562 791 1618 ita
820 1562 1032 1635 origine
1062 1564 1237 1619 fatum
1275 1563 1424 1620 idem
1452 1564 1527 1619 sit
1554 1564 1704 1637 quod
1732 1564 1957 1621 dictum.

375 1650 698 1723 Plerumque
738 1656 927 1708 autem
976 1668 1107 1707 usus
1146 1667 1223 1709 ex
1270 1652 1483 1725 origine
1518 1658 1681 1727 tropo
1718 1652 1960 1726 quodam

2059 1474 2624 1549 praedicamentorum
2653 1472 2933 1527 vocabulis
2963 1471 3282 1544 plerumque
3311 1472 3386 1528 ab
3411 1489 3506 1529 usu
3527 1475 3608 1531 la-

2061 1564 2213 1619 tinae
2243 1562 2462 1635 linguae
2487 1560 2883 1619 remotissimis,
2974 1560 3320 1616 constitutae
3355 1564 3514 1617 semel
3537 1564 3610 1620 dc·

2060 1652 2300 1708 finitioni
2329 1649 2770 1707 constantissime
2797 1648 3157 1705 insistendum
3185 1654 3286 1721 est,
3329 1650 3410 1705 ita
3435 1656 3493 1707 ut
3515 1652 3612 1708 ubi·

289 3370 296 3377 -
382 3333 596 3405 spersit,
648 3334 917 3392 dissentit.
1004 3337 1111 3392 Sed
1160 3342 1225 3394 ut
1270 3337 1333 3392 in
1374 3337 1475 3394 filii
1512 3337 1965 3394 meditationibus
2014 3369 2020 3408 1

374 1744 526 1795 ortus
554 1744 654 1811 est,
685 1741 833 1811 quod
860 1743 919 1795 et
946 1740 1007 1795 in
1035 1742 1293 1814 exemplo
1314 1742 1597 1814 proposito
1626 1746 1795 1815 patet,
1826 1757 1960 1797 nam
2059 1757 2168 1814 que
2195 1740 2412 1797 etiamsi
2441 1738 2816 1795 definitionem
2845 1738 3072 1794 definito
3111 1736 3464 1794 substitueres
3489 1740 3614 1797 nulla

375 1827 585 1900 origine
614 1830 793 1883 fatum
820 1829 971 1884 idem
996 1832 1081 1885 est
1109 1829 1257 1901 quod
1286 1830 1512 1903 dictum,
1556 1847 1659 1887 usu
1698 1830 1846 1887 idem
1886 1830 1960 1885 ist
2009 1819 2014 1905 j
2061 1830 2266 1887 locutio
2293 1828 2532 1887 absurda
2557 1831 2844 1899 sequatur3
2874 1828 2970 1883 sed
2997 1826 3104 1883 etsi
3123 1826 3492 1884 definitionem
3515 1830 3616 1885 nul·

376 1916 525 1989 qnod
552 1918 859 1973 necessario
886 1922 1237 1991 eventurum3
1278 1918 1559 1975 vidmmus
1598 1918 1767 1992 igitur
1804 1918 1960 1990 cujus
2009 1909 2012 1918 '
2060 1920 2174 1975 lam
2201 1916 2568 1993 praemiseris,
2599 1916 2767 1974 debet
2795 1920 2983 1973 tamen
3010 1914 3301 1973 uniformis
3343 1932 3456 1971 eme
3493 1919 3615 1973 vocis

376 2004 523 2060 dicta
560 2004 675 2059 sint
714 2005 1019 2061 necessario
1060 2011 1347 2080 eventura,
1388 2012 1445 2063 et
1484 2008 1838 2064 manifestum
1877 2011 1963 2064 est
2060 2023 2208 2081 usuS,
2261 2008 2344 2063 ita
2394 2010 2458 2062 ut
2503 2004 2698 2061 eadem
2747 2005 3046 2078 utrobique
3095 2004 3345 2061 definitio
3395 2005 3616 2063 substitui

376 2092 451 2151 ad
479 2092 585 2148 Dei
612 2094 781 2151 solius
810 2094 956 2150 dicta
984 2110 1103 2150 rem
1130 2096 1303 2167 sequi.
1344 2096 1519 2167 Igitur
1545 2099 1721 2152 satum
1750 2094 1962 2169 origine
2009 2099 2014 2160 ζ
2061 2095 2250 2171 possit.
2340 2096 2524 2167 Atque
2561 2094 2644 2149 ita
2683 2098 2835 2168 patet
2875 2094 3006 2150 dato
3032 2094 3302 2151 vocabulo
3333 2110 3470 2165 quae
3493 2096 3620 2151 adhi-

377 2184 462 2237 est
490 2181 716 2254 dietum,
744 2182 871 2238 hinc
898 2184 1281 2240 antonomasia
1308 2201 1405 2241 seu
1432 2174 1575 2237 κατ’
1604 2170 1849 2255 ἐξοχὴν
1879 2184 1960 2241 di·
2061 2185 2243 2243 benda
2280 2185 2356 2241 sit
2394 2183 2749 2257 significatio,
2787 2182 3100 2256 videmus,
3132 2184 3190 2237 et
3225 2186 3446 2239 contra:
3485 2184 3618 2240 (latae

378 2272 531 2325 ctum
559 2270 681 2343 Dei,
712 2270 840 2327 hinc
866 2289 1034 2345 porro
1076 2290 1175 2346 per
1202 2273 1579 2343 synecdochen
1620 2273 1825 2331 dictum
1854 2272 1962 2329 Dei
2011 2305 2016 2314 ·
2065 2271 2452 2347 significationi
2479 2270 2626 2345 quod
2648 2272 3018 2328 adhibendum
3038 2272 3112 2327 sit
3131 2271 3472 2327 vocabulum.
3521 2274 3622 2337 Qua

378 2358 449 2413 de
478 2359 693 2431 futuriS,
724 2376 820 2416 seu
848 2360 1124 2417 (incretum
1154 2361 1277 2434 Dei,
1308 2362 1435 2418 hinc
1455 2362 1691 2435 denique
1710 2368 1962 2432 metony-
2063 2363 2124 2419 in
2164 2380 2225 2419 re
2263 2367 2320 2419 et
2357 2359 2669 2435 compendii
2708 2363 2764 2455 et
2791 2359 3058 2417 claritatis
3095 2360 3242 2417 ratio
3269 2361 3517 2417 habenda
3541 2368 3620 2416 est.

378 2446 493 2502 mia
520 2464 732 2521 causae,
762 2450 1065 2505 necessario
1106 2456 1447 2523 eventurum,
1486 2451 1585 2524 qui
1622 2468 1769 2507 nunc
1812 2450 1962 2507 vocis
2011 2473 2018 2512 ι
2063 2450 2340 2508 claritatis
2379 2455 2566 2506 autem
2605 2449 2856 2505 maxima
2895 2454 2980 2505 est
3017 2449 3074 2504 in
3105 2449 3382 2505 Terminis
3409 2469 3440 2506 e
3467 2450 3623 2506 medio

376 2550 507 2591 usus
556 2539 657 2592 est.
744 2538 907 2593 Unde
956 2538 1093 2595 boni
1140 2540 1494 2595 Grammatici
1508 2580 1525 2613 ,
1578 2546 1741 2613 atque
1790 2539 1963 2596 etiam
2011 2545 2018 2601 ζ
2063 2540 2275 2611 sumtiS,
2307 2556 2410 2595 usu
2431 2538 2604 2595 etiam
2630 2537 2880 2611 populari
2903 2542 3150 2609 retento3
3181 2536 3484 2595 obmritas
3509 2555 3625 2594 sem·

379 2616 714 2699 Philosophi,
742 2630 827 2683 est
854 2627 1186 2687 continuatis
1215 2633 1500 2703 troporum
1539 2629 1742 2701 soritis,
1782 2632 1845 2685 ut
1883 2628 1962 2685 sic
2064 2646 2162 2703 per
2203 2628 2388 2701 aliqua
2423 2627 2486 2683 in
2523 2626 2823 2683 Technicis.
2911 2627 3235 2683 Tei-minum
3275 2621 3466 2704 (liceat
3501 2628 3627 2684 enim

378 2712 591 2785 loquar,
622 2715 773 2769 vocis
804 2732 963 2771 usum
991 2732 1065 2773 ex
1092 2717 1303 2789 origine
1324 2716 1589 2774 deducere
1608 2735 1786 2790 posse.
1838 2717 1962 2782 Qua
2060 2719 2166 2782 hoc
2193 2733 2356 2773 sensu
2383 2715 2632 2773 Termini
2659 2715 2886 2772 nomine
2925 2714 3026 2789 nti,
3069 2720 3132 2771 ut
3159 2716 3427 2787 significet
3463 2733 3628 2773 vocem

380 2800 441 2855 in
468 2818 529 2858 re
556 2803 817 2859 artificem
854 2804 1109 2878 inprimis
1146 2822 1265 2862 eme
1302 2806 1465 2862 video
1502 2806 1538 2862 J
1548 2806 1765 2862 ulium
1792 2806 1927 2862 Cae
1940 2834 1963 2845 -
2064 2810 2332 2879 quatenus
2370 2806 2672 2878 significata
2709 2809 2810 2878 aet,
2855 2804 2966 2861 nisi
3003 2805 3260 2862 vocabuli
3295 2821 3500 2862 nomen
3525 2807 3630 2862 sub-

380 2904 605 2947 sarcm
626 2891 811 2949 Scali
823 2910 983 2966 geru
997 2911 1080 2967 m,
1134 2893 1289 2964 cuius
1338 2894 1629 2968 Originum
1666 2895 1797 2952 libri
1846 2910 1965 2952 non
2065 2896 2292 2953 stituere
2335 2894 2580 2969 mavelis,
2623 2894 2774 2966 quod
2813 2908 2902 2950 me
2931 2893 3154 2966 quidem
3181 2910 3298 2950 non
3323 2894 3500 2952 invito
3527 2896 3630 2966 flet)

378 2979 579 3052 exigua
628 2981 799 3036 etiam
848 2982 1228 3057 Philosophiae
1286 2984 1617 3041 detrimento
1666 2985 1962 3058 perierunt,
2011 2982 2017 3065 ξ
2064 2985 2387 3060 popularem
2423 3001 2562 3040 voco
2575 3024 2592 3058 ,
2633 2999 2806 3056 quum
2845 2998 2960 3039 vox
2992 2988 3050 3040 et
3085 2983 3413 3056 significatio
3453 2985 3634 3041 usitata

379 3064 489 3122 nisi
529 3073 796 3141 quatenus
838 3071 981 3130 filius
1016 3072 1087 3127 iis
1126 3074 1271 3129 sorte
1308 3073 1371 3128 in
1409 3073 1559 3130 notis
1600 3073 1673 3130 ad
1712 3074 1964 3130 Varro·
2013 3068 2016 3077 '
2065 3079 2165 3146 aet,
2199 3073 2518 3146 technicum,
2561 3088 2732 3145 quum
2771 3072 2859 3128 vel
2899 3087 3014 3127 vox
3050 3073 3141 3129 vel
3177 3073 3505 3146 significatio
3541 3073 3634 3146 pri·

382 3171 533 3211 nem
560 3173 689 3213 usus
716 3164 815 3231 est,
856 3160 953 3232 qui
991 3165 1181 3217 tamen
1217 3161 1537 3234 plerumque
1576 3162 1649 3218 ab
1690 3161 1777 3233 iis,
1819 3177 1963 3234 quae
2011 3132 2018 3208 Ῐ
2064 3167 2194 3218 vata
2236 3161 2360 3231 (seu
2399 3165 2550 3218 certo
2587 3159 2802 3217 homini
2837 3161 2930 3216 vel
2967 3161 3256 3218 hominum
3301 3163 3494 3235 generi
3529 3177 3636 3236 pro-

382 3259 580 3316 parens
600 3244 725 3314 jam
750 3247 1070 3322 publicavit,
1103 3255 1161 3305 et
1187 3249 1301 3304 suis
1320 3249 1535 3322 scriptis
1563 3249 1769 3323 passim
1798 3249 1961 3305 inter-
2013 3211 2020 3364 ἱ

2071 3243 2219 3326 pria)
2249 3255 2347 3307 est.

2154 3339 2258 3395 IX.
2301 3338 2362 3395 Si
2388 3337 2511 3411 ipsa
2549 3354 2664 3394 vox
2701 3337 2920 3411 privata
2959 3341 3059 3410 est,
3101 3337 3362 3412 sequitur,
3405 3343 3472 3395 ut
3508 3341 3636 3394 sacta

383 3421 509 3494 plus
546 3423 869 3480 eruditionis
906 3425 1187 3497 habemus,
1226 3426 1309 3481 ita
1348 3425 1410 3481 in
1446 3426 1689 3499 parentis
1728 3426 1967 3498 origina-
2015 3413 2020 3537 ⁴
2066 3427 2140 3484 sit
2167 3445 2265 3502 per
2291 3427 2570 3500 quandam
2600 3409 3136 3498 ὀνοματοποιίαν,
3169 3427 3357 3501 qualia
3383 3433 3516 3484 sunt
3540 3427 3640 3501 ple-

385 3508 631 3566 tionibus
678 3511 802 3585 plus
840 3513 1106 3570 acuminis
1144 3518 1201 3570 ct
1250 3514 1627 3588 philosophiae
1664 3515 1966 3570 amisimus.
2067 3533 2236 3588 raque
2273 3515 2543 3572 vocabula
2599 3514 2716 3572 der
2757 3515 3284 3574 Rothwelschen
3321 3517 3638 3588 Sprachc,

386 3597 674 3655 Caeterum
712 3600 772 3656 in
811 3602 1090 3658 vocabulis
1128 3603 1451 3661 adhibendis
1486 3605 1621 3660 haec
1658 3605 1847 3676 regula
1887 3607 1968 3660 te-
2067 3604 2221 3674 cujus
2249 3605 2494 3661 Lexieon
2529 3605 2592 3660 in
2633 3603 2962 3677 compendio
2997 3603 3165 3662 habet
3203 3606 3557 3662 Gesnerus
3591 3605 3643 3660 in

384 3686 566 3742 nenda
594 3694 693 3760 est,
724 3693 787 3744 ut
814 3690 859 3744 si
890 3691 1046 3762 origo
1068 3691 1141 3746 ab
1162 3707 1266 3748 usu
1294 3691 1561 3764 dissentit,
1592 3707 1755 3748 usum
1784 3692 1968 3765 potius
2069 3693 2501 3751 Mithridate.
2589 3693 2692 3748 Est
2727 3695 2914 3748 autem
2949 3693 3012 3749 in
3047 3694 3152 3750 hoc
3179 3692 3558 3750 vocabuliflcio
3583 3692 3644 3748 il·

384 3791 554 3847 quam
594 3777 864 3850 originem
902 3779 963 3834 in
1001 3780 1233 3836 (licendo
1260 3796 1568 3854 sequamur,
1600 3783 1698 3837 sed
1737 3797 1841 3837 usu
1879 3781 1970 3838 vel
2065 3783 2164 3840 lud
2203 3781 2476 3856 imprimis
2515 3781 2936 3854 attendendum,
2977 3787 3042 3837 ut
3079 3799 3194 3838 non
3231 3799 3364 3839 casu
3405 3783 3560 3857 quasi
3595 3787 3643 3838 et

385 3863 555 3920 dubio
584 3864 673 3922 vel
692 3883 809 3922 non
829 3873 1182 3942 repugnante,
1204 3869 1405 3940 origini
1426 3869 1611 3942 potius
1630 3871 1966 3927 haereamus.

386 3951 445 4006 Si
474 3953 765 4026 multiplex
792 3971 921 4011 usus
950 3961 1050 4030 est,
1083 3957 1265 4014 danda
1294 3973 1465 4029 opera
1500 3963 1600 4030 oet,
1642 3963 1704 4014 ut
1743 3958 1832 4014 vel
1871 3959 1969 4014 ab·

387 4041 661 4096 stmlmtur
689 4043 934 4099 formalis
964 4046 1149 4117 aliqua
1188 4046 1512 4118 significatio
1550 4063 1717 4118 quam
1746 4051 1964 4121 vocant,

387 4126 449 4182 id
476 4132 576 4200 oet,
608 4133 671 4184 ut
700 4130 859 4186 detur
884 4131 1209 4204 significatio
1238 4134 1404 4207 vociS,
1447 4151 1588 4207 quae
1626 4151 1817 4190 omnes
1858 4135 1968 4190 usi-

386 4218 531 4271 tatas
560 4216 619 4270 in
648 4234 707 4273 se
734 4219 997 4292 eontinet,
1040 4220 1103 4276 in
1142 4237 1253 4294 quo
1292 4223 1546 4279 laborare
1582 4224 1763 4280 solent
1791 4224 1970 4280 Theo-

385 4301 517 4376 logi,
558 4303 810 4378 inprimis
846 4307 1235 4381 scripturarum
1272 4311 1667 4368 Hebraicarum
1704 4311 1970 4385 interpre-

386 4394 487 4463 tes,
528 4407 666 4464 quos
704 4395 849 4450 inter
898 4397 1001 4453 hac
1036 4415 1295 4455 sensuum
1332 4401 1625 4457 venatione
1662 4401 1968 4457 excellebat

2069 3870 2362 3928 arbitrario
2391 3870 2564 3926 animi
2591 3869 2820 3942 impetu,
2851 3870 2948 3926 sed
2975 3871 3190 3928 ratione
3215 3871 3458 3944 quadam
3495 3873 3644 3928 effor-

2069 3965 2265 4034 metur,
2319 3959 2464 4016 ratio
2515 3963 2702 4015 autem
2741 3975 2854 4031 quo
2903 3959 3112 4033 aptior,
3165 3961 3268 4016 boc
3305 3959 3642 4016 laudabilior.

2069 4049 2235 4106 Ratio
2275 4045 2552 4104 formandi
2590 4047 2956 4120 aptitudinem
3007 4049 3176 4106 habet
3215 4053 3338 4105 tum
3375 4064 3412 4103 a
3451 4048 3644 4120 mdioe,

2071 4143 2193 4193 tum
2219 4154 2255 4192 a
2283 4136 2454 4192 modo
2483 4136 2788 4206 formandi,
2817 4137 2978 4193 radix
3006 4137 3174 4194 debet
3199 4155 3316 4194 esse
3344 4137 3565 4211 usitata,
3595 4141 3648 4192 et

2067 4226 2168 4300 rei,
2223 4241 2390 4297 quam
2425 4240 2575 4281 novo
2611 4225 2880 4282 vocabulo
2933 4225 3218 4298 designare
3253 4226 3647 4298 contendimus,

2067 4317 2337 4387 quantum
2356 4312 2474 4370 fieri
2495 4317 2696 4387 potest⁷
2717 4314 3042 4388 propinqua,
3067 4316 3327 4388 analogia
3347 4315 3514 4371 debet
3539 4331 3648 4370 esse

2069 4407 2126 4459 et
2155 4403 2356 4460 usitata
2385 4407 2442 4459 et
2469 4407 2616 4476 apta,
2649 4402 2730 4458 ita
2757 4407 2820 4458 ut
2848 4418 2922 4458 ex
2949 4403 3344 4475 significatione
3369 4402 3570 4462 radicis
3597 4408 3648 4458 et

387 4479 655 4537 Samuel
694 4482 1007 4558 Bohlius3
1056 4489 1146 4544 vel
1185 4489 1235 4543 si
1276 4489 1415 4546 illud
1454 4489 1571 4546 tieri
1612 4506 1727 4545 non
1768 4493 1966 4563 potest,
2017 4499 2023 4579 Ι
2069 4491 2356 4563 mialogIae
2383 4491 2608 4547 conflari
2637 4491 2890 4548 vocabuli
2919 4493 3051 4548 novi
3081 4492 3344 4565 definitio,
3373 4508 3544 4564 quam
3571 4491 3648 4546 in·

385 4568 583 4625 saltem
610 4571 971 4638 constituatur
998 4591 1126 4632 usus
1153 4577 1373 4651 aliquis,
1403 4584 1467 4634 ut
1494 4577 1573 4635 sic
1602 4579 1814 4652 loquar,
1857 4579 1970 4634 ori-

386 4655 657 4731 g'nariuS,
712 4660 773 4716 id
810 4665 921 4735 oet,
975 4680 1049 4719 ex
1089 4679 1199 4737 quo
1239 4667 1319 4722 sic
1361 4667 1535 4722 fluant
1574 4684 1705 4723 usus
1742 4667 1966 4740 caeteri,

384 4749 879 4818 quaemadmodum
916 4767 989 4808 ex
1018 4752 1231 4825 origine
1256 4754 1421 4809 fluxit
1456 4755 1597 4828 ipse,
1635 4772 1833 4829 nempe
1871 4773 1971 4829 per

385 4837 601 4892 canales
628 4841 929 4911 troporum.
997 4841 1197 4896 Danda
1224 4846 1411 4898 tamen
1438 4841 1498 4898 in
1526 4859 1629 4899 usu
1668 4844 1968 4916 originario

386 4926 771 4984 constituendo
800 4943 969 5000 opera
994 4932 1100 5001 est,
1131 4933 1203 5002 ut,
1222 4930 1295 4985 sit
1332 4930 1659 5004 significatio
1700 4933 1966 5006 formalis,

388 5013 582 5070 saltem
606 5015 993 5090 plerorumque
1019 5033 1234 5092 usuum,
1265 5019 1447 5092 quoad
1474 5018 1593 5089 ejus
1621 5021 1737 5076 fieri
1766 5025 1966 5096 potest,

388 5117 461 5167 ex
488 5119 599 5176 qua
636 5105 835 5166 caeteri
872 5121 1003 5164 usus
1040 5106 1388 5170 deducantur.
1476 5109 1582 5170 Sed
1620 5109 1680 5168 in
1716 5113 1966 5184 utroque,

2070 4579 2360 4653 tendimus,
2391 4580 2580 4652 possit.
2609 4597 2662 4635 v.
2694 4598 2744 4654 g.
2775 4581 3092 4637 Haecceitas
3119 4597 3235 4638 non
3273 4581 3442 4638 habet
3468 4580 3648 4637 analo·

2072 4667 2220 4742 giam
2255 4669 2537 4741 imitatam,
2577 4669 2776 4724 melior
2813 4672 2983 4726 esset:
3021 4671 3280 4744 hoecitas,
3323 4663 3440 4748 (vel
3481 4669 3648 4726 hocci-

2071 4749 2295 4833 monia)
2346 4757 2432 4813 uti
2480 4756 2775 4830 quidditaS,
2825 4774 2939 4815 non
2986 4759 3320 4830 quaedeitas.
3403 4759 3534 4814 Jam
3583 4773 3648 4815 ex

2070 4845 2352 4904 hoocitatis
2377 4845 2561 4906 radice
2589 4851 2645 4903 et
2681 4846 2936 4918 analogia
2969 4848 3200 4906 conflari
3249 4847 3370 4917 ejus
3409 4847 3648 4905 definitio

2071 4938 2268 5009 potest,
2299 4950 2430 4990 nam
2457 4935 2742 4991 hoecitatis
2769 4935 2931 4992 radix
2957 4941 3042 4993 est
3061 4939 3194 5010 hoc,
3223 4937 3500 5010 analogia,
3529 4936 3648 4992 itas.

2072 5023 2346 5096 Analogia
2383 5027 2572 5081 autem
2607 5023 2716 5079 ista
2743 5040 2839 5080 seu
2877 5023 3162 5082 derivandi
3201 5025 3348 5084 ratio
3388 5025 3648 5100 significat

2073 5111 2348 5172 rationem
2375 5110 2739 5188 appelationis
2765 5112 2828 5171 in
2855 5113 3056 5189 radice,
3093 5131 3193 5174 seu
3217 5115 3542 5188 qualitatem
3571 5129 3648 5170 ra·
