3717 5850
1249 362 2041 430 PRAEFATIO.
3202 375 3325 438 XI·

215 725 307 794 VI.
368 725 486 794 De
542 726 700 794 vita
756 725 996 796 beata.
1087 727 1236 814 Quo
1275 729 1534 797 nomine
1574 739 1980 798 conservatur
2022 729 2399 800 Hanoverae
2452 735 2929 819 commentatio,
2968 734 3163 807 latine
3214 747 3281 808 et

93 844 376 934 germanice
417 843 794 933 conscripta.
861 841 1086 910 Latina
1129 841 1252 910 alia
1292 863 1516 927 manu,
1559 846 1774 916 nescio
1825 868 1911 914 an
1953 841 2241 916 Le'ibnitii
2276 850 2481 940 jussu,
2522 850 2713 918 etiam
2754 851 3121 942 transcripta
3162 875 3279 922 ex·

92 967 186 1024 stat.
257 957 459 1042 Quam
513 967 590 1026 ut
639 957 792 1028 huic
847 959 1093 1026 circiter
1147 957 1420 1047 tempori
1473 956 1824 1028 adscribam
1879 958 2081 1028 multa
2146 971 2292 1030 sunt
2347 984 2513 1054 quae
2556 962 2879 1032 suadeant.
2962 963 3277 1057 Imprimis

93 1093 264 1164 magna
296 1095 446 1140 cum
490 1070 780 1140 Cartesio
825 1083 890 1142 et
931 1073 1211 1165 Spinoza
1252 1077 1562 1165 cognatio.
1647 1073 1792 1167 lpse
1834 1072 2181 1144 Leibnitius
2224 1077 2550 1147 confitetur
2592 1101 2665 1146 se
2702 1081 3007 1170 juvenem
3052 1081 3279 1152 Carte-

93 1190 420 1272 sianismum,
475 1189 612 1255 imo
657 1187 1131 1280 Spinozismum
1173 1186 1556 1272 redoluisse3
1613 1187 1788 1282 quod
1825 1189 2115 1260 lubenter
2156 1191 2378 1260 credes
2419 1194 2473 1262 si
2514 1196 2676 1263 inter
2716 1193 2983 1266 schedas
3023 1194 3279 1266 Leibni-

92 1304 228 1370 *ianas
273 1303 650 1372 Hanoverae
703 1303 934 1372 videris
987 1313 1284 1394 excerpta
1339 1305 1504 1372 facta
1557 1327 1598 1372 e
1639 1305 1957 1396 Spinozae
2000 1303 2221 1374 Ethica
2276 1317 2409 1374 tam
2462 1319 2757 1378 accurata
2810 1320 2882 1379 ut
2936 1333 2979 1380 e
3030 1310 3188 1382 libro
3228 1311 3278 1382 Ι.

92 1427 132 1484 et
166 1417 294 1486 libro
345 1417 452 1487 IV.
524 1442 612 1488 ne
662 1443 794 1488 una
847 1417 1104 1511 quidem
1159 1420 1504 1509 propositio
1559 1420 1796 1488 omissa
1851 1422 1959 1504 sit,
2015 1432 2079 1489 et
2130 1424 2441 1514 excerptis
2492 1422 2654 1493 haec
2706 1425 2901 1494 verba
2954 1428 3279 1520 inscripta:

100 1532 236 1601 -haec
271 1535 492 1625 partim
534 1557 682 1603 mea
695 1585 715 1618 ,
757 1537 986 1625 partim
1031 1533 1254 1618 aliena,
1297 1533 1502 1604 aliena
1544 1557 1698 1603 vero
1742 1534 2127 1627 corrigenda.
2149 1567 2179 1591 c
2274 1535 2541 1608 Constat
2580 1550 2828 1608 mature
2866 1551 3157 1610 nostrum
3196 1541 3281 1612 ab

93 1646 168 1714 itis
209 1649 567 1716 discessisse.
660 1649 832 1717 Cum
886 1671 1041 1718 vero
1095 1649 1261 1718 hanc
1302 1651 1651 1742 inspexeris
1694 1653 2321 1737 commentationem,
2372 1654 2687 1746 integrum
2725 1655 3008 1724 invenies
3051 1655 3279 1728 Carte-

91 1765 299 1830 sianum:
339 1766 622 1833 invenies
663 1767 728 1832 in
771 1768 977 1857 prima
1022 1776 1202 1858 parte
1243 1764 1504 1834 totidem
1545 1764 1756 1834 verbis
1795 1763 1949 1834 illud
1995 1765 2289 1850 Cartesii,
2335 1766 2508 1857 quod
2548 1767 2721 1836 haud
2760 1771 2848 1838 ita
2889 1769 3089 1840 multo
3132 1782 3281 1864 post

93 1875 356 1948 Leibnitius
407 1889 741 1971 tamquam
799 1883 1012 1949 minus
1066 1881 1320 1950 firmum
1363 1879 1752 1973 reprobavit,
1814 1890 1925 1949 -ut
1966 1879 2119 1950 nihil
2160 1904 2447 1974 unquam
2491 1882 2685 1952 veluti
2726 1907 2955 1954 verum
2982 1885 3275 1955 admitta-

93 2018 246 2077 -mus,
291 1997 406 2064 nisi
467 1994 644 2086 quod
695 2006 835 2064 tam
889 1996 1060 2065 clare
1123 2008 1186 2067 et
1227 1996 1512 2066 distincte
1551 1997 1778 2064 rationi
1817 2006 2073 2065 nostrae
2114 2006 2301 2088 patet,
2344 2008 2416 2066 ut
2454 1997 2629 2067 nullo
2672 1999 2865 2069 modo
2908 2001 2975 2070 in
3018 1998 3279 2070 dubium

93 2113 268 2199 »possit
301 2113 584 2180 revocari
594 2147 654 2194 ,ι
701 2151 792 2162 -
835 2114 1118 2182 invenies
1171 2114 1238 2182 in
1295 2111 1488 2180 altera
1533 2121 1713 2203 parte
1756 2110 2023 2180 Cartesii
2061 2109 2235 2179 illam
2278 2115 2651 2182 sententiam
2696 2138 2824 2206 qua
2858 2114 3143 2207 judicare
3182 2127 3281 2185 est

88 2223 222 2309 velle,
260 2265 340 2276 —-
381 2226 676 2296 obveniet
729 2229 838 2296 tibi
893 2253 1044 2298 eum
1100 2228 1181 2297 de
1235 2226 1558 2296 affectibus
1601 2223 1947 2294 Leibnitius
2002 2225 2307 2318 loquitur,
2362 2251 2603 2320 eosque
2660 2229 3026 2300 Cartesiano
3059 2231 3278 2326 >modo

89 2349 346 2431 tamquam
381 2341 676 2410 libertatis
717 2345 1006 2412 inimicos
1046 2353 1301 2426 tractat,
1346 2344 1562 2412 tritum
1605 2340 1763 2410 illud
1807 2341 2104 2410 Cartesii:
2154 2343 2365 2434 ·quod
2408 2343 2561 2412 fides
2604 2367 2733 2412 non
2774 2345 3065 2414 habenda
3108 2347 3189 2414 sit
3218 2347 3279 2416 ei

91 2478 141 2522 »a
171 2479 280 2546 quo
319 2455 644 2548 aliquoties
686 2457 930 2552 decepti
971 2461 1274 2542 fuimus„-
1323 2497 1414 2510 --
1457 2455 1698 2526 videbis
1753 2479 1904 2526 eum
1949 2457 2215 2536 Cartesii
2255 2482 2435 2530 more
2476 2464 2713 2530 factum
2768 2483 2809 2528 a
2850 2459 3113 2531 consilio
3168 2485 3277 2532 se-

87 2582 340 2660 parantem
351 2623 370 2656 ,
419 2571 574 2640 illud
629 2571 778 2643 huic
833 2585 1347 2668 postponentem,
1391 2613 1482 2626 -
1525 2573 1701 2666 leges
1757 2596 1913 2642 eum
1954 2573 2295 2642 meditandi
2340 2573 2623 2644 ordinem
2661 2573 3021 2660 laudatum,
3079 2599 3277 2670 quem

87 2685 252 2754 isdem
307 2691 432 2756 tere
485 2687 700 2756 verbis
755 2688 1033 2781 Spinoza
1087 2691 1152 2758 in
1205 2698 1472 2758 tractatu
1527 2687 1610 2757 de
1659 2687 2011 2760 intellectus
2066 2689 2503 2760 emendatione
2554 2690 3127 2761 commendaverat.
3182 2731 3273 2744 -

89 2798 280 2883 Quodsi
309 2827 452 2873 vero
495 2806 928 2894 expectaveris
971 2827 1122 2872 cum
1166 2802 1246 2872 de
1291 2803 1506 2872 officiis
1549 2828 1702 2898 erga
1745 2803 1901 2874 alios
1943 2803 2233 2874 homines
2279 2817 2531 2898 agatur,
2572 2805 2747 2874 illam
2788 2805 2900 2874 tibi
2940 2805 3276 2876 obvenitu·

87 2936 184 2983 ram
228 2943 354 2989 esse
399 2919 636 2989 amoris
690 2918 1108 2989 definitionem
1165 2944 1360 3012 quam
1403 2932 1625 3011 postea
1665 2922 1805 3014 ipse
1847 2931 2174 3013 tamquam
2217 2919 2469 2991 Ethices
2518 2921 2999 2993 fundamentum
3040 2919 3277 3005 laudat,

89 3032 264 3100 {nistra
325 3058 460 3105 eam
519 3060 824 3127 quaeres;
895 3060 1090 3128 quem
1145 3036 1271 3105 hoc
1323 3035 1467 3105 loco
1520 3035 1738 3105 laudat
1777 3036 1907 3105 Dei
1959 3058 2245 3105 amorem
2300 3042 2382 3128 (p.
2438 3028 2567 3123 74.)
2620 3037 2792 3106 idem
2836 3048 2946 3109 est
2996 3060 3072 3105 ac
3125 3038 3275 3128 spi-.-

88 3166 238 3214 nozae
282 3172 448 3219 amor
499 3149 970 3233 intellectualis;
1013 3190 1104 3203 -
1146 3176 1274 3221 ιιοιι
1318 3153 1528 3223 minus
1573 3176 1722 3245 spes
1763 3163 1826 3221 te
1868 3150 2058 3235 fallet,
2100 3153 2155 3219 si
2198 3151 2543 3243 quaesieris
2582 3149 2948 3221 harmoniae
2990 3162 3275 3244 praesta-,-

93 3256 245 3330 bilitae
281 3268 676 3348 mentionem,
713 3290 866 3335 nam
907 3265 1186 3359 loquitur
1229 3266 1485 3359 quidem
1527 3267 1610 3336 de
1653 3279 1824 3337 arcta
1865 3268 2026 3337 inter
2068 3268 2345 3337 animam
2389 3276 2453 3335 et
2494 3290 2724 3359 corpus
2768 3268 3019 3351 unione,
3062 3266 3176 3337 sed
3204 3276 3277 3337 ut

89 3372 364 3449 Cartesiani
399 3382 582 3475 loqui
623 3379 845 3465 solent,
889 3386 1124 3477 quippe
1167 3382 1340 3475 quod
1390 3385 1833 3475 -cogitationes
1876 3385 2156 3475 corporis
2196 3392 2411 3452 motus
2450 3380 2529 3450 ab
2558 3384 2815 3451 ineunte
2842 3392 3045 3451 aetate
3073 3384 3275 3451 comi·

91 3498 243 3559 -tatae
271 3508 454 3580 sunt,-
487 3536 584 3549 --
613 3502 960 3589 quaerenti,
1000 3522 1158 3567 num
1200 3497 1544 3567 Leibnitius
1581 3501 1733 3591 jam,
1777 3501 1941 3569 sicut
1984 3510 2223 3592 postea,
2268 3500 2547 3569 animam
2574 3520 2929 3591 numquam
2956 3499 3091 3567 sine
3120 3520 3270 3567 cor-

89 3624 198 3691 pore
233 3612 469 3682 existere
509 3614 787 3706 ideoque
832 3624 1038 3684 totum
1083 3612 1314 3682 animal
1353 3612 1706 3684 immortale
1747 3638 1894 3684 esse
1937 3626 2185 3699 statuat,
2226 3612 2388 3683 haec
2432 3615 2877 3683 commentatio
2923 3613 3271 3703 responde-.-

87 3714 168 3785 tit:
210 3727 672 3798 -consideranda
715 3740 812 3798 est
855 3730 1080 3797 mentis
1123 3740 1373 3797 nostrae
1419 3730 1566 3817 (hoc
1609 3741 1706 3798 est
1749 3729 2131 3799 substantiae
2175 3752 2341 3821 quae
2377 3732 2445 3797 in
2486 3728 2667 3797 nobis
2697 3729 2950 3797 conscia
2992 3735 3109 3815 est)
3154 3751 3273 3800 na.-

91 3842 240 3916 ’¹¹¹¹'³‚
277 3852 574 3931 quatenus
617 3844 858 3935 absque
901 3868 1171 3936 corpore
1211 3844 1490 3913 consistit
1533 3854 1722 3935 atque
1762 3844 1871 3911 illo
1913 3842 2105 3934 longe
2146 3844 2410 3912 nobilior
2454 3854 2549 3911 est
2578 3853 2693 3911 etc.
2760 3842 2926 3911 Hinc
2956 3844 3124 3909 enim
3150 3864 3275 3909 nos

94 3946 438 4025 -immormles
490 3984 666 4042 esse,
732 3959 902 4029 illine
955 3958 1210 4029 caducis
1268 3957 1636 4051 corporibus
1690 3958 1865 4028 brevi
1919 3958 2209 4050 perituris
2266 3958 2688 4045 conjunctos.-
2738 3994 2826 4005 -
2868 3956 3169 4047 Denique
3218 3955 3273 4023 si

89 4072 334 4153 rogaveris
371 4096 528 4141 num
571 4072 934 4160 Leibnitius,
977 4098 1128 4145 cum
1170 4075 1296 4145 hoc
1340 4074 1638 4143 scriberet
1677 4073 1998 4156 schedion,
2037 4075 2171 4165 jam
2212 4072 2515 4141 invenerit
2555 4068 2710 4140 illud
2754 4073 3107 4164 argumenti
3150 4094 3269 4143 on-

91 4175 278 4271 lologici
323 4190 488 4279 quod
545 4188 760 4259 dicunt
810 4192 1060 4276 vitium,
1116 4189 1287 4282 quod
1343 4214 1510 4261 anno
1563 4188 2041 4261 MDLXXVIII.
2100 4191 2235 4281 jam
2286 4190 2732 4280 vituperaverit
2780 4190 2889 4275 (cf.
2944 4187 3057 4255 Νι.
3110 4186 3272 4257 vm.

91 4286 176 4383 huj-
211 4300 346 4387 ed),
397 4314 462 4372 et
514 4308 620 4373 cui
675 4317 898 4398 postea
951 4306 1192 4375 mederi
1246 4304 1509 4388 studuit,
1563 4303 2075 4398 respondendum
2130 4306 2247 4373 erit
2288 4302 2609 4396 negando,
2666 4326 2819 4371 nam
2856 4304 2927 4371 in
2968 4302 3089 4373 hac
3129 4302 3269 4393 ipsa

87 4421 536 4489 commentatione
578 4420 732 4489 illud
778 4431 1224 4515 argumentum
1264 4419 1487 4489 iisdem
1531 4422 1660 4489 fere
1705 4420 1911 4489 verbis
1956 4422 2325 4513 proponitur
2367 4418 2595 4510 quibus
2640 4420 2961 4487 Cartesius
3014 4427 3077 4487 et
3118 4418 3267 4509 Spi-

90 4541 202 4593 ¹1⁰2a
235 4541 488 4604 utuntur.
581 4538 766 4623 Quae
813 4561 964 4607 cum
1005 4539 1092 4605 ita
1137 4539 1288 4619 sint,
1345 4538 1728 4627 argumentis
1782 4536 2041 4604 internis
2084 4534 2425 4603 adductum
2466 4559 2575 4603 me
2617 4532 2947 4617 confiteor,
2992 4542 3063 4601 ut
3102 4531 3269 4601 hanc

93 4651 604 4719 commentationem
659 4655 719 4720 ei
775 4651 1098 4745 adsignem
1141 4654 1427 4745 tempori,
1487 4675 1614 4743 quo
1658 4648 2007 4721 Leibnitius
2066 4673 2105 4717 a
2148 4650 2417 4720 Cartesii
2460 4660 2525 4718 et
2566 4650 2881 4742 Spinozae
2938 4649 3268 4717 autoritate

96 4772 178 4821 ¹¹⁰1!
212 4758 374 4849 plane
413 4790 552 4835 sese
593 4766 977 4837 liberaverat.
1063 4767 1351 4851 Accedit,
1411 4766 1582 4859 quod
1625 4766 1854 4835 ductus
1894 4764 2249 4849 literarum,
2306 4764 2533 4871 quibus
2581 4761 2707 4834 hoc
2756 4762 3055 4835 schedion
3106 4786 3263 4833 con-

97 4871 338 4962 seriptum,
377 4880 543 4949 idem
588 4893 700 4966 est,
743 4906 938 4974 quem
979 4888 1046 4953 in
1084 4886 1447 4977 fragmentis
1492 4866 1871 4975 quibusdam
1912 4879 2151 4949 Ethicis
2191 4880 2571 4951 Hanoverae
2614 4879 2759 4963 vidi,
2800 4879 3031 4973 quibus
3070 4877 3261 4949 Leib-

101 4981 228 5053 ssffiuss
303 4994 540 5065 titulum
583 4997 780 5067 dedit:
870 4998 976 5068 De
1031 4998 1384 5083 affectibus,
1427 5009 1493 5069 et
1533 4999 1640 5067 cui
1677 4998 2047 5089 inscriptum
2090 5005 2216 5065 est·
2262 4994 2319 5063 d.
2362 4994 2421 5063 d.
2465 4995 3001 5088 12.Apr.1669
3084 4990 3267 5059 Haec

101 5094 363 5190 [ngmema
405 5115 680 5205 quinque
723 5112 1010 5209 plagulas
1055 5116 1374 5187 continent
1417 5125 1480 5185 et
1518 5136 1668 5185 cum
1699 5114 1965 5185 Cartesii
2007 5111 2087 5183 de
2130 5110 2253 5183 hac
2276 5136 2350 5181 re
2380 5112 2697 5183 sententiis
2724 5113 2883 5181 mire
2911 5107 3263 5179 concinunt.

2758 5251 2796 5293 Β
2813 5232 2841 5262 0
