3717 5850
219 3362 226 3369 ⁸
348 3305 382 3361 4
397 3304 426 3361 1
451 3309 734 3369 magnam,
767 3312 930 3369 quem
949 3296 1091 3352 vide.

336 306 427 374 2⁰

443 463 502 517 et
537 458 872 516 tinem-exmia
909 459 1213 531 praestare,
1259 455 1424 514 nobis
1461 455 1536 514 ad
1572 455 1688 513 alia
1724 473 1921 531 prope-

443 547 694 605 rantibus
721 547 855 604 satis
883 549 970 603 est'
993 547 1172 620 prima
1199 545 1534 603 lineamenta
1559 544 1782 602 duxisse
1809 549 1923 602 tra-

444 621 701 693 ctationis
739 635 810 692 (le
849 635 1108 692 Texturis
1155 635 1415 692 haetenus
1465 637 1580 690 fere
1627 634 1923 706 neglectae.

445 725 690 782 Docebat
717 727 946 782 tortasse
973 723 1279 782 doctrinam
1306 725 1448 781 hanc
1473 723 1746 779 illustrare
1773 723 1925 779 sehe-

446 813 704 886 matibus,
733 814 832 870 sed
869 813 1235 886 intelligentes
1271 828 1386 870 non
1425 811 1780 884 indigebunt3

447 902 628 977 periti,
658 903 742 958 uti
769 902 886 960 fien‘
913 903 1072 976 solet,
1111 919 1214 960 nec
1251 901 1554 973 intelligere
1581 899 1724 955 tanti
1761 897 1927 954 aesti-

346 999 428 1058 39
447 993 694 1048 mabunt.
755 991 985 1048 Vlllvus
1015 991 1158 1047 Usus
1185 995 1270 1047 est
1311 990 1372 1046 in
1399 988 1613 1046 casibus
1651 987 1800 1059 apud
1828 987 1865 1042 J
1866 1003 1927 1041 u-

446 1082 780 1138 reconsultos
809 1079 1127 1137 formandis.
1193 1079 1384 1151 Neque
1411 1077 1562 1133 enim
1587 1093 1803 1149 semper
1829 1091 1929 1132 ex-

447 1169 802 1243 spectandum
830 1174 914 1224 est
941 1168 1228 1242 praecipue
1253 1166 1568 1240 legislatori,
1609 1165 1744 1220 dum
1771 1181 1929 1221 oesus

449 1261 718 1330 emergat3
757 1262 814 1314 et
843 1256 1067 1326 maioris
1095 1259 1179 1312 est
1215 1254 1535 1329 prudentiae
1572 1255 1720 1327 leges
1757 1269 1928 1326 quam

448 1347 690 1403 maxime
717 1345 878 1402 initio
895 1346 1016 1401 sine
1033 1344 1184 1400 vitiis
1205 1359 1426 1418 ponere,
1447 1359 1614 1416 quam
1634 1343 1929 1400 restrictio-

447 1451 578 1492 nem
602 1451 672 1492 ac
697 1433 1088 1492 correctionem
1126 1436 1378 1490 fortunae
1419 1431 1776 1488 committere.
1847 1431 1929 1487 Ut

447 1528 686 1596 taceam,
726 1537 846 1579 rem
875 1521 1230 1591 judiciariam
1263 1521 1328 1576 in
1365 1520 1612 1593 qualibet
1645 1520 1927 1594 republica

445 1611 552 1668 hoc
597 1611 951 1668 constitutam
1003 1627 1120 1666 esse
1169 1610 1394 1683 melius,
1455 1625 1565 1682 quo
1614 1608 1796 1665 minus
1841 1613 1927 1665 est

447 1699 510 1756 in
575 1699 806 1756 arbitrio
849 1698 1070 1768 judicis.
1160 1699 1361 1756 Plato
1411 1697 1508 1755 lib.
1570 1698 1627 1754 9.
1678 1697 1748 1754 de
1797 1697 1925 1770 Lag.

445 1787 659 1844 Arist.
699 1788 750 1844 1.
779 1789 938 1844 Rbet.
967 1787 1268 1844 Menoch.
1321 1787 1532 1843 Arbitr.
1559 1785 1688 1842 Jud.
1726 1786 1824 1842 lib.
1872 1785 1927 1840 1.

345 1877 428 1934 40
447 1892 690 1951 prooem.
729 1893 786 1932 n.
824 1877 876 1932 1.
917 1877 1092 1934 Porro
1119 1892 1210 1932 ars
1247 1890 1474 1932 casuum
1511 1874 1929 1932 formandorum

448 1965 711 2022 mndatur
738 1965 799 2022 in
827 1963 1077 2022 doctrina
1113 1968 1303 2021 nostra
1329 1964 1400 2021 de
1436 1963 1925 2037 complexionibus.

445 2053 883 2128 Jurisprudentia
909 2054 1060 2110 enim
1087 2069 1212 2109 cum
1239 2052 1300 2108 in
1337 2052 1462 2108 aliis
1489 2051 1818 2126 geometriae
1851 2051 1929 2108 si-

446 2141 596 2198 milis
633 2147 732 2216 est,
773 2147 895 2198 tum
932 2143 994 2198 in
1031 2143 1134 2198 hoc
1171 2141 1320 2214 quod
1357 2145 1588 2215 utraque
1625 2142 1793 2199 habet
1819 2143 1929 2198 ele-

447 2235 650 2302 menta,
680 2235 912 2304 utraque
935 2247 1107 2286 casus.
1167 2231 1452 2286 Elementa
1479 2234 1609 2287 sunt
1633 2229 1925 2304 simplicia,

447 2319 510 2376 in
537 2319 836 2391 geometria
863 2321 1066 2393 flgmae
1092 2319 1410 2392 triangulus,
1451 2319 1700 2394 circuluS‚
1731 2323 1835 2376 etc.
1864 2320 1927 2376 in

447 2407 888 2482 Jurisprudentia
923 2411 1102 2482 actus,
1147 2407 1494 2483 promissum,
1533 2408 1795 2464 alienatio
1823 2411 1925 2464 etc.

449 2498 643 2553 Casus:
673 2497 1082 2570 complexiones
1110 2497 1323 2569 horum,
1365 2497 1462 2569 qui
1503 2495 1796 2571 utrobique
1813 2513 1927 2562 ,va-

446 2584 670 2643 riabflae
727 2589 856 2642 sunt
911 2585 1186 2642 inlinities.
1256 2587 1542 2642 Elementa
1581 2585 1929 2642 Geometriae

448 2675 758 2748 composuit
797 2673 1152 2748 Euclides,
1203 2676 1476 2735 elementa
1507 2672 1652 2743 juris
1701 2674 1766 2730 in
1805 2673 1927 2744 ejus

449 2763 693 2837 Corpore
721 2764 1084 2836 continentur,
1095 2763 1392 2837 utrobique
1411 2767 1598 2819 tamen
1625 2763 1927 2820 adnnseen-

448 2855 543 2908 tur
569 2866 724 2908 casus
751 2851 1095 2925 insigniores.
1162 2853 1450 2922 Tei-minos
1479 2857 1666 2908 autem
1705 2853 1765 2910 in
1796 2851 1927 2920 J‘ure

449 2941 738 3014 simplices,
769 2956 1002 3013 quorum
1029 2942 1300 2999 mixtione
1327 2941 1528 2999 caeteri
1567 2942 1836 3015 oriuntur,
1870 2946 1927 2999 et

449 3029 606 3103 quasi
635 3030 784 3085 locos
825 3046 1158 3103 communes,
1199 3046 1520 3103 summaque
1547 3048 1746 3103 genera
1773 3031 1927 3088 colli-

449 3136 576 3191 gere
602 3118 844 3175 instituit
869 3120 1306 3176 Bernhardus
1324 3120 1712 3177 Lavinlieta
1735 3120 1927 3176 Mona-

449 3207 580 3263 chus
620 3206 828 3263 ordinis
869 3207 1151 3265 Minorum
1189 3224 1330 3265 com.
1379 3208 1443 3263 in
1482 3208 1702 3264 Lullii
1751 3212 1927 3263 artem

1149 3294 1326 3352 Nobis
1347 3296 1428 3353 sic
1443 3296 1650 3351 visum:
1679 3296 1928 3353 Termini

450 3399 684 3456 quorum
711 3385 1128 3458 complicatione
1165 3384 1342 3441 oritur
1379 3384 1440 3439 in
1479 3385 1611 3441 Jure
1639 3384 1927 3441 diversitas

449 3487 692 3544 casuum,
721 3477 881 3529 sunt:
910 3489 1191 3548 personae,
1221 3490 1326 3547 res,
1355 3477 1526 3546 actus,
1549 3473 1696 3543 jura.
1765 3474 1927 3531 Per-

448 3576 771 3619 sonarum
799 3578 997 3635 genera
1023 3566 1152 3619 sunt
1179 3566 1300 3619 tum
1327 3562 1626 3635 naturalia,
1654 3566 1746 3619 ut:
1787 3578 1925 3636 mas,

450 3650 710 3722 foemina,
769 3651 1256 3725 hermaphroditus,
1317 3654 1650 3724 monstrum,
1709 3652 1924 3726 surdus,

448 3742 648 3812 mutuis,
669 3754 874 3810 caecus,
898 3756 1076 3814 aeger,
1101 3741 1349 3813 embryo,
1371 3756 1523 3814 puer,
1541 3740 1777 3815 juvenis,
1793 3740 1929 3797 ado-

449 3827 676 3899 lescenS,
709 3827 810 3900 vir,
841 3844 1029 3902 senex,
1071 3834 1236 3901 atque
1272 3829 1414 3885 aliae
1455 3829 1812 3901 differentiae,
1852 3845 1926 3885 ex

447 3916 684 3989 physicis
713 3916 997 3990 petendae,
1027 3933 1167 3990 quae
1195 3916 1256 3973 in
1277 3916 1404 3986 jure
1429 3918 1685 3973 effectum
1722 3916 1929 3974 habent

447 4005 764 4077 specialem:
821 4006 970 4061 Tum
1017 4006 1322 4062 artificialia
1335 4046 1351 4079 ,
1413 4005 1678 4063 nimirum
1729 4022 1926 4079 genera

448 4092 613 4164 vitae,
643 4109 872 4165 corpora
901 4110 998 4149 seu
1023 4094 1256 4165 collegia
1295 4099 1354 4151 et
1392 4093 1614 4150 similia.
1684 4094 1926 4151 Nomina

447 4180 752 4237 officiorum
780 4182 883 4237 huc
911 4198 1025 4238 non
1053 4182 1342 4256 pertinent,
1373 4183 1504 4255 quia
1531 4183 1929 4257 complicantur

345 4282 427 4339 42
447 4284 522 4325 ex
549 4272 820 4342 potestate
847 4273 905 4326 et
943 4270 1294 4344 obligatione,
1324 4271 1420 4327 sed
1462 4270 1535 4326 ad
1567 4270 1712 4340 jura.
1771 4271 1927 4327 RES

447 4361 579 4413 sunt
627 4357 887 4431 mobiloe,
937 4358 1274 4433 immobiles,
1332 4358 1588 4415 dividuae
1639 4360 1926 4434 (homoge-

446 4447 611 4516 neae)
651 4446 993 4520 individuae,
1033 4449 1342 4521 corporales
1357 4488 1373 4521 ,
1423 4448 1819 4523 incorporales,
1868 4454 1927 4505 et

446 4534 761 4607 speciatim:
802 4536 1002 4609 Homo,
1045 4535 1254 4593 animal
1293 4535 1465 4610 cicur,
1511 4539 1704 4611 ferum,
1742 4538 1927 4595 rabio-

446 4636 588 4695 sum,
627 4624 888 4695 noxium,
933 4624 1136 4698 EquuS,
1177 4642 1336 4699 aqua,
1383 4626 1600 4699 fundus,
1641 4644 1794 4684 mare
1821 4632 1924 4684 etc.

446 4711 520 4767 Et
559 4728 750 4769 omnoe
788 4713 1017 4770 omnino
1055 4730 1142 4770 ιω
1179 4715 1250 4770 de
1289 4714 1488 4787 quibus
1527 4717 1799 4790 peculiare
1841 4720 1927 4773 est

441 4799 550 4869 jus.
640 4802 762 4859 Hae
819 4801 1160 4859 differentiae
1215 4804 1483 4875 petendae
1539 4821 1614 4861 ex
1669 4804 1924 4877 physicis.

345 4888 426 4944 43
447 4890 728 4946 ACTUS
757 4888 846 4960 (a.
874 4906 988 4946 non
1017 4894 1186 4963 actae,
1231 4907 1274 4945 s.
1313 4886 1511 4969 status)
1543 4892 1925 4950 considerandi

446 4995 556 5053 qua
583 4979 886 5041 natta-ales·
917 4978 999 5035 ita
1026 4978 1254 5052 dividui,
1283 4980 1572 5054 individui,
1611 4980 1929 5055 relinquunt

446 5050 864 5139 ἀποτέλεσμα
891 5068 980 5126 vel
1007 5072 1136 5123 sunt
1163 5068 1292 5125 facti
1335 5069 1696 5127 nauseantis·
1681 5108 1700 5141 ,
1740 5070 1926 5127 deten-

446 5157 528 5213 tio
555 5172 698 5231 quae
723 5160 808 5214 est
834 5156 1118 5214 materiale
1147 5158 1520 5232 possessionis,
1557 5158 1802 5232 traditio,
1847 5161 1927 5216 ei*-

1424 313 1494 373 Π..
1547 314 1650 372 DE
1675 314 1881 372 ARTE
1906 312 2484 372 OOMBINATOMA,

2020 455 2233 528 fractio,
2262 455 2363 528 vis,
2394 454 2607 528 caedes,
2636 455 2865 527 vulnus3
2894 471 3047 512 noxa
3060 493 3079 527 ,
3108 455 3215 512 huc
3240 454 3513 528 temporie

2021 551 2079 601 et
2104 544 2215 601 loci
2240 544 2665 616 circumtantia,
2696 543 2801 600 hae
2826 543 3169 602 differentiae
3192 543 3384 600 itidem
3412 563 3512 618 pe-

2022 633 2223 689 tendae
2249 649 2323 688 ex
2350 634 2617 707 physicis3
2647 649 2757 706 qua
2784 633 3047 690 morales:
3086 632 3169 688 ita
3194 639 3325 689 sunt
3350 640 3511 689 actus

2023 722 2337 796 spontanei,
2380 723 2555 778 coacti
2570 761 2587 796 ,
2628 723 2933 795 necessarii,
2964 720 3157 792 mixtiz,
3200 722 3511 795 significan-

1821 811 1925 865 im-
2024 815 2126 882 tes,
2156 827 2273 867 non
2308 810 2701 883 significantes,
2740 811 2885 866 inter
2912 810 3277 882 significantes
3316 812 3509 883 verba,

2025 899 2270 971 consilia,
2301 899 2579 970 mandata,
2610 903 2915 973 praecepta,
2946 898 3386 973 pollicitationes,
3416 917 3512 955 ac-

2026 989 2377 1062 ceptationes,
2408 988 2765 1044 conditiones.
2824 989 2974 1044 Haec
3003 987 3183 1042 omnis
3212 989 3513 1046 verborum

2028 1077 2263 1134 varietas
2292 1081 2349 1132 et
2376 1076 2757 1149 interpretatio
2784 1093 2859 1132 ex
2880 1077 3282 1132 Grammaticis.
3338 1077 3511 1134 Deni-

2027 1181 2135 1240 que
2160 1171 2313 1222 actus
2342 1169 2469 1220 sunt
2497 1166 2585 1221 vel
2617 1165 2761 1233 juris
2800 1167 3053 1221 effectum
3094 1166 3373 1238 habentes,
3410 1167 3507 1221 vel

2026 1271 2143 1311 non
2169 1256 2461 1326 habentos,
2490 1258 2547 1310 et
2573 1253 2658 1309 illi
2686 1253 2907 1325 quidem
2946 1253 3223 1328 pertinent
3258 1256 3333 1312 ad
3358 1259 3512 1311 eata·-

2028 1345 2216 1417 logum
2236 1343 2449 1412 jurium
2476 1359 2618 1416 quae
2647 1343 2907 1416 efficiunt,
2936 1343 2997 1399 hi
3018 1360 3091 1400 ex
3112 1343 3349 1415 politicis
3368 1344 3510 1400 ethi·

2028 1433 2211 1505 cisque
2239 1433 2466 1488 uberius
2488 1432 2861 1489 enumerandi.
2947 1431 2985 1487 J
2998 1432 3206 1488 URlU
3222 1434 3283 1488 M
3310 1433 3507 1490 itidem
3533 1440 3571 1494 4
3587 1441 3627 1494 4

2028 1521 2431 1578 enumerandae
2466 1522 2557 1577 vel
2603 1521 2809 1595 speeies
2850 1520 2941 1577 vel
2990 1521 3345 1579 differentiae.
3432 1523 3513 1578 Et

2026 1611 2130 1668 hae
2158 1610 2381 1682 quidem
2406 1614 2540 1665 sunt
2565 1627 2617 1664 v.
2647 1629 2697 1682 g.
2744 1610 2933 1682 realia,
2974 1610 3309 1683 personalia3
3348 1627 3508 1686 piu-a,

2028 1698 2217 1771 dilata,
2256 1713 2546 1772 suspensa,
2589 1698 2821 1755 mobilia
2858 1699 2948 1754 vel
2986 1715 3251 1772 peu-sonae
3286 1705 3511 1757 auti-ei
3489 1701 3505 1714 “

2028 1789 2197 1844 affixa
2226 1792 2327 1844 etc.
2385 1785 2598 1860 Species
2656 1804 2706 1843 v.
2749 1805 2799 1861 g.
2850 1786 3175 1860 dominium,
3220 1787 3509 1861 directum,

2028 1875 2192 1948 utile3
2233 1876 2495 1948 servitus,
2536 1875 2747 1948 realis,
2742 1877 3099 1949 personalis,
3152 1879 3507 1958 musti-uetus,

2028 1979 2175 2038 usus,
2198 1964 2520 2040 proprietaS,
2535 1963 2633 2034 ,ius
2654 1964 2985 2039 pooeidendi,
3002 1965 3353 2038 usucapiendi
3374 1984 3513 2024 con-

2028 2053 2183 2110 ditio.
2236 2054 2505 2126 Potestas,
2534 2053 2803 2126 obligatio
2834 2053 3039 2122 (active
3064 2055 3293 2126 sumta).
3342 2055 3513 2112 Pote-

2026 2146 2141 2198 stas
2166 2141 2651 2215 administratoria,
2680 2142 2929 2215 rectoria,
2962 2142 3295 2200 coel-eitoria.
3360 2144 3511 2202 'him

2027 2235 2181 2288 actus
2200 2230 2491 2301 judiciales
2518 2231 2687 2286 sumti
2714 2247 2817 2305 pro
2845 2231 2974 2300 J‘ure
3002 2231 3063 2288 id
3098 2232 3329 2306 agendis
3366 2233 3511 2289 tales

2026 2324 2182 2376 sunt:
2212 2317 2527 2394 posbilatio,
2566 2335 2667 2377 seu
2698 2319 2793 2390 jus
2828 2320 3143 2394 exponendi
3180 2321 3513 2379 desiderium

2026 2409 2089 2466 in
2122 2408 2351 2482 judicio,
2404 2407 2562 2479 cuius
2612 2409 2817 2482 speeies
2852 2425 2955 2482 pro
3006 2409 3221 2466 ratione
3266 2411 3509 2468 ordinis.

2026 2500 2189 2573 actio,
2222 2497 2493 2572 exceptio,
2522 2497 2727 2571 replica
2754 2501 2855 2555 ete.
2898 2514 3097 2572 nempe
3136 2499 3199 2555 in
3236 2499 3508 2572 termino,

2026 2591 2147 2644 tum
2174 2588 2236 2644 in
2264 2586 2479 2662 scriptis
2506 2591 2605 2644 aut
2643 2586 2783 2643 alias
2820 2591 2978 2643 extu-a
3017 2588 3340 2660 terminum3
3380 2605 3513 2662 sup-

2026 2676 2251 2750 plicatio
2279 2693 2381 2750 pro
2409 2675 2759 2750 impetranda
2784 2675 3046 2732 citatione
3072 2693 3176 2751 pro
3204 2677 3509 2734 monitorio

2027 2769 2158 2822 etc.-
2186 2764 2405 2822 Jurium
2442 2767 2627 2822 autem
2666 2763 2943 2838 catalogus
2980 2781 3056 2820 ex
3082 2765 3203 2822 sola
3228 2767 3511 2840 suu-iepra-

2028 2853 2218 2925 dentia
2269 2853 2520 2912 sumitm.
2596 2853 2715 2910 Nos
2764 2854 2854 2910 hic
2902 2853 3088 2910 festini
3136 2855 3393 2929 quiequid
3444 2856 3509 2911 in
3532 2875 3569 2929 4
3582 2874 3621 2929 5

2027 2948 2271 3001 mentem
2296 2944 2453 3001 venit
2477 2943 2780 3016 attulimus,
2808 2943 3004 2999 saltem
3032 2947 3097 2999 ut
3122 2960 3277 3001 mens
3317 2950 3511 3003 nostra

2026 3032 2447 3106 perspiceretur,
2484 3032 2583 3089 alii
2610 3031 2835 3089 termini
2862 3031 3136 3105 simplices
3172 3034 3389 3107 privata
3414 3050 3511 3091 cu-

2018 3120 2221 3195 jusque
2256 3120 2529 3177 industria
2566 3120 2807 3194 suppleri
2846 3124 3089 3194 pexunt.
3168 3122 3275 3179 Sed
3320 3123 3403 3181 ita
3442 3127 3513 3179 ut

2027 3227 2122 3266 eos
2164 3214 2383 3265 tantum
2429 3213 2601 3283 ponat
2648 3209 2913 3265 terminos
2928 3250 2945 3283 ,
2997 3210 3094 3282 qui
3140 3227 3331 3267 revera
3376 3216 3513 3269 sunt

2027 3298 2317 3372 simplices,
2348 3298 2409 3354 id
2436 3301 2520 3354 est
2546 3313 2781 3370 quorum
2818 3303 3111 3372 conceptus
3136 3316 3210 3355 ex
3247 3300 3371 3357 aliis
3408 3302 3511 3357 ho-

2027 3386 2305 3460 mogeneis
2344 3403 2460 3444 non
2500 3386 2862 3460 componitur.
2928 3388 3255 3461 Quanquam
3282 3390 3343 3445 in
3369 3388 3511 3446 locis

2026 3476 2407 3533 communibus
2444 3490 2677 3548 quorum
2716 3476 3181 3549 disponendorum
3214 3477 3510 3535 artificium

2028 3564 2373 3639 potissimum
2409 3565 2515 3620 huc
2550 3564 2711 3638 redit,
2740 3565 2929 3621 licebit
2962 3566 3231 3623 terminos
3268 3568 3509 3641 comple-

2026 3670 2131 3711 xos
2170 3653 2509 3728 simplicibus
2548 3654 2711 3709 valde
2758 3654 2967 3711 vicinos
3020 3654 3190 3711 etiam
3239 3660 3507 3729 tanquam

2028 3742 2356 3817 peculiarem
2384 3742 2609 3799 titulum
2634 3742 2918 3816 collocare,
2948 3761 3001 3799 v.
3028 3761 3081 3816 g.
3109 3744 3509 3818 compensatio·

2025 3848 2171 3904 nem,
2209 3844 2351 3906 quae
2389 3830 2735 3905 componitur
2770 3848 2845 3887 ex
2882 3832 3329 3905 obligatione
3366 3834 3507 3891 Titii

2028 3919 2180 3994 Caio,
2220 3926 2279 3977 et
2318 3919 2631 3989 ejusdem
2680 3908 2805 3988 Caii
2849 3920 3002 3977 Titio
3042 3921 3103 3977 in
3130 3935 3269 3979 rem
3318 3922 3509 3979 divi-

2029 4010 2254 4083 duam,
2282 4010 2776 4081 homogeneam
2809 4027 2905 4065 seu
2932 4011 3509 4069 commensurabi-

2027 4099 2161 4155 lem
2190 4114 2331 4170 quae
2359 4102 2587 4169 utraque
2626 4097 3050 4155 dissolvitur
3088 4099 3151 4155 in
3176 4116 3508 4157 summam

2026 4190 2564 4243 concurrentem.
2595 4186 2685 4242 Ex
2701 4187 2897 4243 horum
2914 4187 3279 4246 terminorum
3296 4189 3507 4263 simpli-
3528 4196 3619 4253 46

2026 4275 2191 4348 cium,
2221 4278 2341 4330 tum
2367 4290 2495 4331 cum
2520 4275 2712 4349 seipsis
2740 4274 3033 4348 aliquoties
3068 4277 3340 4352 repetitis,
3380 4283 3505 4335 tum

2025 4380 2151 4421 cum
2180 4363 2323 4437 aliie,
2354 4362 2763 4437 eom2natione,
2804 4364 3179 4423 con3natione
3206 4370 3308 4423 etc·
3346 4371 3405 4423 et
3440 4367 3503 4423 in

2024 4452 2219 4509 eadem
2246 4452 2645 4527 complexione,
2675 4453 2981 4510 variatione
3006 4454 3145 4510 situs
3172 4454 3392 4528 prodire
3418 4472 3510 4511 ca·

1970 4532 2117 4621 :sus
2146 4557 2319 4614 prope
2344 4541 2590 4597 infinitos
2616 4543 2739 4614 quis
2766 4558 2883 4599 non
2909 4542 3095 4600 videt!
3145 4543 3269 4601 lmo
3294 4544 3391 4617 qui
3418 4560 3510 4601 ac·

2024 4630 2264 4688 matius
2330 4630 2464 4687 haec
2531 4631 2887 4705 scrutabitur,
2968 4630 3215 4689 inveniet
3290 4633 3508 4706 regulas

2024 4718 2251 4775 eruendi
2278 4734 2433 4773 casus
2460 4718 2860 4792 singulariores.
2936 4720 3023 4777 Ac
3048 4738 3151 4777 nos
3178 4722 3315 4778 talia
3341 4737 3509 4795 quaeb

2025 4807 2157 4863 dam
2182 4807 2543 4881 concepimus,
2574 4808 2671 4865 sed
2709 4809 2887 4866 adhuc
2924 4808 3263 4884 impolitiora
3276 4850 3292 4883 ,
3336 4826 3507 4883 quam

2026 4899 2089 4951 ut
2116 4896 2313 4952 afferre
2340 4896 2653 4953 audeamus.
2710 4898 2819 4955 Par
2846 4899 2907 4954 in
2924 4898 3225 4973 'l'lieologia
3244 4900 3508 4957 termino-
3526 4901 3613 4957 47

2025 5000 2151 5041 rum
2204 4983 2352 5041 ratio
2406 4990 2509 5058 est,
2568 5002 2711 5059 quae
2750 4992 2837 5043 est
2870 4987 3029 5059 quasi
3064 4988 3509 5063 Jurispmdentia

2027 5072 2297 5145 quaedam
2324 5073 2591 5147 specialis,
2620 5075 2715 5131 sed
2744 5075 2939 5133 eadem
2964 5076 3393 5135 tundamentalis
3419 5094 3509 5135 ra-

2026 5161 2179 5219 tione
2236 5166 2587 5221 caeterarum.
2676 5163 2777 5219 Est
2842 5164 2992 5221 enim
3048 5166 3201 5223 velut
3256 5166 3509 5225 doctrina
