3717 5850
889 357 1238 423 lxxxiv.
1327 362 1438 421 AD
1479 363 1621 425 Dus
1659 367 1915 427 nossffl
1956 370 2307 433 Ems‘rom
2346 374 2541 435 xxu.

3220 376 3356 444 687

37 487 92 563 (
105 493 564 595 quotminus
601 495 754 555 enim
793 498 868 557 do
898 498 1012 557 illis
1039 499 1384 571 cogitaviti)
1430 502 1528 561 sed
1553 505 1682 563 sub-
1765 510 2145 582 phaenomena
2204 515 2611 586 responde-ent.
2700 516 2773 574 Et
2834 534 2967 575 sane
3022 520 3085 575 in
3144 524 3351 580 nostris

31 583 410 639 sonantum
455 598 560 657 per
608 584 828 645 vincula
869 587 1264 649 substantialia
1315 594 1532 667 ortum,
1583 610 1680 653 sou
1718 565 1726 681 f
1764 599 2235 675 perceptionibus,
2297 605 2571 674 utcunque
2624 603 2929 679 (Batinetis,
2988 607 3349 680 intelligimus

25 669 466 741 compositum.

1759 686 2017 741 confusas
2043 688 2220 744 inaese
2260 688 2331 743 ad
2372 694 2634 763 quantam
2674 692 2809 748 libet
2846 694 3203 769 parvitatemt,
3243 697 3349 753 ita-

159 757 352 815 Vonio
367 773 514 815 nuno
533 758 606 815 ad
627 762 778 817 tuam
799 761 1224 834 explicationem
1242 763 1675 823 Transsubstan·
1759 788 1865 843 que
1916 772 2002 828 his
2043 774 2304 831 monades
2342 778 2779 852 respondebunt,
2828 784 2891 835 ut
2931 781 3235 851 maioribus
3264 784 3348 841 di·

29 841 362 918 stationis,
403 845 798 905 instituendam
837 850 890 906 si
915 850 1070 909 nulla
1093 855 1274 911 essem
1301 851 1520 911 vincula
1545 854 1673 911 sub·

25 932 362 989 stantialis
403 938 462 989 ct
485 934 854 993 musta-nata
883 952 1036 996 mera
1065 943 1250 996 amnt
1277 939 1672 1012 phaenomena.

29 1018 172 1075 Ais
229 1021 498 1079 monades
544 1024 708 1094 ponis
744 1030 802 1081 et
843 1026 958 1083 vini
998 1026 1236 1098 dest-ui,
1285 1026 1530 1100 aliasque
1558 1029 1670 1088 illis

29 1106 371 1181 substitui,
410 1110 762 1167 manentibus
789 1117 976 1169 tumim
1005 1112 1066 1169 in
1093 1113 1384 1173 animabus
1413 1111 1672 1175 omm'bus

31 1196 236 1263 ponis
275 1204 336 1252 et
377 1197 496 1253 vini
531 1200 1004 1273 perceptionibus,
1049 1201 1274 1273 perinde
1299 1218 1368 1259 ac
1393 1203 1444 1259 si
1473 1218 1666 1263 mona-

29 1280 168 1337 des
221 1298 416 1341 eurum
465 1286 823 1343 mansissentz
909 1288 1086 1345 Porro
1135 1289 1459 1347 substitutas
1507 1292 1670 1362 panis

35 1383 190 1425 essse
242 1372 512 1429 monades
551 1374 796 1446 corporis
825 1375 1046 1433 Christi.
1131 1378 1238 1433 Sed
1288 1378 1408 1450 ipse
1445 1379 1668 1450 quaeris

33 1457 302 1534 merito,
341 1474 442 1515 cur
477 1460 724 1518 dieamus
759 1462 900 1519 alias
937 1463 1202 1520 monades
1234 1464 1510 1536 prioribus
1537 1467 1668 1523 sub-

35 1544 328 1620 stitutas,
368 1550 468 1603 aut
509 1547 574 1603 iu
607 1563 720 1619 quo
747 1551 1008 1607 consistat
1039 1550 1136 1607 illa
1163 1551 1521 1627 substitutio,
1563 1570 1665 1611 nec

37 1630 234 1689 video
275 1635 556 1706 quomodo
594 1635 654 1690 id
691 1637 958 1709 explicari
986 1638 1194 1711 possit,
1242 1655 1312 1695 eo
1335 1654 1500 1713 casu,
1551 1658 1666 1713 quo

35 1719 206 1775 nihil
235 1722 298 1777 in
327 1727 526 1779 natum
553 1724 796 1797 ponitur,
827 1726 936 1781 nisi
963 1725 1246 1799 monades,
1277 1730 1336 1781 et
1363 1728 1664 1785 monadum

41 1810 454 1882 perceptiones
517 1813 916 1883 respondentes
973 1812 1416 1885 pemeptionibus
1473 1831 1668 1873 mona-

39 1894 204 1951 dum
233 1896 648 1954 destructarum.
733 1899 840 1955 Sed
871 1900 948 1955 ita
978 1914 1172 1957 revera
1199 1892 1663 1965 dicendum'foret

39 1983 374 2041 accidentia
413 1985 606 2058 panis,
655 1990 716 2042 et
755 1988 872 2043 vini
912 1989 1034 2045 fore
1078 1988 1140 2043 iu
1175 2004 1406 2059 corporo
1435 1990 1656 2063 Christi,

39 2071 220 2141 quod
252 2074 452 2129 niu-ito
477 2072 844 2145 improbatur.
933 2074 1125 2145 Neque
1156 2062 1232 2129 τὸ
1257 2076 1385 2135 hoc
1413 2080 1521 2135 est
1547 2077 1658 2135 illis

39 2162 322 2231 corpori-s
351 2160 552 2216 Giristi
605 2162 932 2220 monadibus
958 2168 1104 2221 recte
1138 2163 1504 2223 tribueremus
1519 2204 1536 2239 ,
1585 2180 1660 2223 ex

33 2246 168 2302 hoc
197 2248 324 2304 solo
360 2247 510 2321 quod
537 2248 742 2305 ruerint
779 2264 976 2307 causae
1019 2250 1224 2307 ideales
1249 2252 1312 2307 in
1341 2256 1524 2313 mente
1551 2253 1660 2308 Dei

33 2334 262 2389 harum
301 2336 363 2393 in
401 2335 564 2393 nobis
593 2340 1033 2410 perceptionum:
1083 2345 1282 2397 causac
1319 2339 1528 2397 ideales
1569 2356 1660 2395 ra-

33 2421 276 2478 tionem
325 2424 584 2479 causandi
635 2424 840 2481 habent
887 2424 1304 2497 perceptionum
1353 2428 1658 2485 alienarum

31 2524 164 2581 per
215 2512 590 2583 perceptiones
635 2528 764 2568 suas
811 2513 924 2568 illis
970 2512 1378 2585 respondentes.
1467 2514 1658 2586 Neque

33 2597 252 2669 itaque
301 2599 566 2655 monades
603 2601 852 2672 corporis
891 2600 1096 2658 Christi
1111 2627 1116 2637 ·
1131 2616 1298 2657 causa
1337 2598 1531 2661 idealis
1571 2616 1656 2659 es-

34 2692 188 2740 sent
211 2686 716 2758 phaenomenorum
745 2692 1060 2744 nostrorum
1073 2728 1090 2760 ,
1121 2688 1228 2743 nisi
1257 2688 1468 2760 aliquid
1497 2690 1554 2745 in
1595 2706 1654 2745 se

35 2773 330 2829 inber-ent
375 2776 714 2846 respondens
728 2814 746 2847 ,
798 2775 948 2846 quod
976 2776 1350 2831 causalitatem
1380 2776 1649 2849 fundaret,

35 2860 106 2915 id
155 2867 244 2915 est
281 2861 395 2917 nisi
425 2861 798 2933 perceptiones
825 2877 1019 2917 corum
1048 2862 1188 2917 tales
1215 2866 1421 2935 essent,
1464 2862 1654 2934 quales

35 2951 284 3003 fuer-ant
313 2949 372 3002 in
402 2949 734 3004 monadibus
762 2949 956 3020 panis,
987 2953 1044 3004 et
1073 2949 1220 3020 vini,
1261 2954 1326 3004 ut
1351 2963 1544 3006 eamne
1573 2953 1655 3006 ta-

35 3035 132 3090 les
195 3035 395 3089 idealis
439 3037 754 3090 nostrarum
783 3023 1246 3109 perminimum,
1296 3040 1464 3108 atque
1511 3035 1656 3092 adeo

33 3120 306 3189 subjecta
343 3121 708 3178 accidentium
747 3123 1132 3195 apparentium
1173 3123 1440 3195 appellari
1479 3139 1654 3182 mere-

33 3214 266 3264 rentur.
355 3209 468 3264 Vix
497 3210 684 3280 itaque
712 3209 904 3280 video,
945 3211 1225 3281 quomodo
1253 3227 1344 3266 res
1369 3225 1444 3267 ex
1487 3212 1654 3268 meris

33 3294 418 3368 monadibus,
471 3301 529 3352 et
583 3296 974 3368 plnenomenis
1021 3297 1352 3354 sufficienter
1371 3298 1652 3370 explicari

33 3383 266 3456 possit3
307 3384 402 3439 sed
443 3383 752 3440 addendum
797 3389 888 3439 est
925 3385 1132 3455 aliquid
1161 3385 1444 3440 realizans.
1535 3385 1651 3440 Ad-

33 3472 230 3526 missa
265 3475 451 3526 autem
491 3471 1404 3544 realizstionephaenomenorum,
1439 3476 1496 3527 et
1521 3475 1658 3530 sub-

39 3557 280 3615 ataenis
327 3559 551 3631 positis,
603 3563 796 3630 putem
833 3575 946 3614 non
995 3575 1114 3614 esse
1151 3575 1294 3630 opus
1345 3559 1652 3616 sublatione

39 3644 358 3702 monadum
371 3684 390 3717 ,
426 3647 524 3701 sed
561 3648 812 3702 sufficere
849 3645 1215 3702 sublationem
1229 3686 1246 3718 ,
1299 3649 1356 3700 et
1393 3647 1652 3703 substitu-

41 3735 270 3792 tionem
299 3732 446 3804 ejus,
477 3735 625 3806 quod
653 3733 1014 3790 substantiam
1053 3733 1416 3806 compositam
1445 3735 1652 3790 forma-

41 3823 188 3877 liter
228 3820 540 3892 constituit3
589 3821 740 3891 quod
782 3821 1046 3878 monades
1073 3835 1192 3876 non
1219 3821 1460 3892 faciunt,
1509 3835 1653 3892 quae

41 3911 314 3964 »naumis
350 3907 660 3964 abstantia
695 3908 1006 3980 composita
1058 3908 1274 3980 adesse,
1318 3909 1406 3964 vel
1457 3908 1652 3965 abesse

43 3999 304 4069 possunt.

143 4081 403 4155 Quaeris,
457 4083 508 4136 si
550 4083 692 4138 reali
729 4083 1052 4138 extensione
1079 4099 1220 4155 opus
1247 4097 1362 4138 non
1390 4087 1504 4154 est,
1553 4099 1654 4140 cur

45 4185 200 4242 opus
223 4169 298 4224 sit
323 4171 556 4228 sutoria
581 4170 794 4241 prima,
837 4183 939 4225 nec
963 4171 1086 4226 sola
1115 4171 1430 4226 Enteleebia
1459 4185 1650 4228 mona·

45 4259 184 4313 dem
213 4257 544 4314 constituat?
635 4257 1048 4328 Responderem
1061 4297 1078 4330 ,
1111 4258 1160 4312 si
1185 4258 1342 4314 solae
1367 4263 1500 4314 sunt
1529 4273 1648 4314 mo·

47 4343 226 4402 nude·
265 4359 392 4400 omn
428 4345 544 4400 suis
571 4346 1040 4418 percepssonibus‚
1081 4345 1369 4402 materiam
1409 4345 1650 4416 primam

51 4431 198 4488 nibil
235 4431 384 4488 aliud
425 4434 572 4505 fore,
617 4447 788 4503 quam
817 4432 1125 4503 potentiam
1149 4432 1450 4488 monadum
1478 4431 1650 4504 passi·

51 4534 186 4574 vam
201 4557 220 4591 ,
246 4524 302 4574 et
329 4519 698 4576 Entelechiam
729 4521 850 4574 fore
877 4519 1108 4574 eandem
1139 4520 1410 4589 activam,
1439 4521 1526 4575 sin
1555 4519 1650 4574 ad·-

55 4605 160 4662 das
197 4606 526 4664 substantias
566 4609 927 4678 compositas,
969 4606 1208 4660 dicerem
1249 4608 1306 4660 in
1337 4607 1472 4677 ipsis
1499 4606 1648 4678 prin-

56 4693 264 4764 cipium
285 4693 628 4749 resistentiae
647 4693 901 4748 accedere
921 4691 1126 4747 debere
1147 4691 1422 4765 principio
1445 4694 1646 4764 active,

59 4781 178 4836 sive
205 4779 394 4836 virtuti
425 4781 679 4837 motivae.
768 4779 1002 4843 Quaeris
1033 4796 1202 4851 porro
1215 4817 1232 4851 ,
1269 4795 1365 4834 cur
1405 4779 1650 4836 infinitae

61 4871 187 4922 actu
224 4865 521 4923 monades?
611 4864 966 4939 Respondeo,
1019 4867 1090 4922 ad
1139 4867 1246 4922 hoc
1297 4868 1650 4922 suffecturam

64 4969 252 5010 carum
281 4953 722 5024 possibilitatem,
753 4966 881 5008 cum
909 4957 1153 5025 praestat
1179 4969 1346 5023 quam
1375 4952 1648 5008 ditissima

63 5056 184 5096 csso
209 5055 376 5111 opera
405 5039 534 5094 Dei:
576 5039 670 5094 sed
711 5040 858 5096 idem
887 5040 1064 5111 exigit
1091 5055 1272 5096 rerum
1301 5040 1469 5110 ordo,
1511 5039 1647 5093 alio-

65 5129 160 5202 qui
229 5142 340 5183 nou
409 5125 670 5182 omnibus
737 5127 1164 5196 assignabilibus
1221 5124 1648 5198 percipientibus

1755 860 2243 933 stinetioribusque
2270 865 2626 935 respondent.
2692 867 2944 931 ‘Quaeris
2980 869 3247 945 deniquffi
3296 870 3381 949 si·

1753 962 1983 1019 potuum
2018 950 2243 1007 militer
2284 956 2571 1009 extensum
2605 968 2721 1013 uon
2762 958 2843 1011 est
2856 992 2873 1025 ‚
2924 970 3021 1013 cur
3046 958 3349 1021 rotundum

1751 1041 1983 1109 apparet
2006 1038 2193 1109 potius
2221 1054 2387 1110 quam
2416 1040 2783 1110 quadratum‘t
2852 1042 3215 1117 Respondeo,
3244 1060 3349 1116 po-

1753 1138 1909 1180 mum
1936 1124 2147 1197 ipsum,
2186 1142 2315 1183 eum
2356 1126 2430 1183 sit
2456 1143 2555 1183 ens
2582 1144 2685 1199 per
2712 1130 3186 1203 aggregationem,
3226 1148 3349 1193 non

1751 1211 1857 1267 nisi
1907 1212 2327 1286 phaenomeuon
2376 1229 2509 1271 esse.
2598 1216 2765 1279 Quod
2798 1220 3075 1289 sumrest,
3123 1218 3249 1275 vals
3286 1222 3349 1277 ct

1751 1300 1893 1357 tuve.
1980 1299 2203 1357 Dabam
2230 1300 2585 1373 Guelferbyti
2616 1302 2717 1359 20.
2750 1304 3023 1375 Septemb.
3066 1305 3258 1363 1712.

2032 1416 2039 1423 ·
2708 1390 3093 1449 Deditissimus
3148 1440 3157 1447 .
3226 1425 3233 1436 ·

2138 1520 2143 1523 .
2574 1477 2645 1533 G.
2703 1478 2771 1533 G.
2830 1477 3346 1537 Leibnitius.

1835 1561 1899 1617 P.
1930 1562 1988 1617 S.
2018 1562 2405 1621 Gratissimum
2432 1562 2541 1619 erit
2568 1568 2788 1637 aspectu
2818 1566 2915 1621 tuo
2944 1564 3053 1621 frui
3082 1566 3181 1623 ubi
3209 1582 3341 1643 pru-7
3432 1586 3437 1601 ·

1747 1648 1905 1705 ximo
1936 1664 2121 1709 urenae
2150 1649 2341 1707 iulias
2367 1655 2553 1723 partes
2580 1651 2967 1711 eumenem
2992 1652 3207 1711 seems.

2237 1958 2591 2017 EPISTOLA
2635 1960 2827 2017 xxa.

2106 2096 2730 2155 Reverendissime
2759 2102 2973 2172 paten,

1832 2254 2013 2312 Doleo
2054 2270 2147 2313 me
2174 2258 2435 2327 separato
2472 2252 2747 2325 colloquio
2776 2257 2877 2311 tuo
2904 2254 3128 2326 privari.
3218 2253 3341 2327 Ego

1742 2342 1967 2415 quidem
1980 2384 1997 2417 ,
2042 2358 2117 2399 ex
2154 2358 2267 2413 quo
2296 2356 2567 2415 nuperum
2596 2340 2914 2399 fasciculum
2940 2341 3045 2401 Du.
3076 2341 3148 2405 D.
3176 2342 3341 2403 Beb-

1743 2431 1987 2487 rensio
2014 2429 2141 2487 misi
2168 2444 2387 2504 semper
2414 2427 2503 2483 hic
2532 2427 2701 2487 haesi.

1828 2517 2025 2574 Prodit
2060 2516 2151 2571 hic
2189 2516 2469 2589 praeclara
2510 2514 2688 2570 versio
2728 2516 2851 2585 tua,
2902 2513 2963 2569 in
3001 2529 3111 2586 qua
3154 2530 3340 2590 recen:

1739 2604 1909 2661 aenda
1937 2604 2247 2676 plusculum
2276 2603 2412 2661 mihi
2440 2600 2642 2659 alicubi
2670 2600 2905 2673 indulsi,
2949 2602 3098 2672 quod
3129 2605 3189 2657 tu
3218 2602 3340 2673 qui-

1738 2691 1868 2747 dem
1912 2696 2173 2763 tanquam
2218 2690 2275 2745 in
2304 2690 2489 2747 alienu
2520 2688 2727 2745 arctius
2766 2691 2820 2743 te
2849 2688 3035 2745 verbis
3064 2688 3339 2745 astrinxe-

1736 2781 1844 2851 ris,
1888 2796 1992 2851 ego
2033 2795 2165 2835 vero
2204 2777 2431 2834 liberius
2456 2776 2727 2848 quaedam
2754 2776 3035 2849 expressi,
3063 2780 3127 2831 ut
3153 2776 3339 2834 minus

1739 2866 1980 2922 Gallicas
2008 2866 2246 2934 origines
2275 2864 2333 2919 in
2360 2864 2559 2919 Latino
2587 2862 2824 2934 sapiant.

1829 2953 2031 3008 Nescio
2078 2969 2153 3008 an
2192 2969 2267 3008 ex
2305 2955 2361 3006 to
2397 2949 2727 3021 quaesierim
2766 2950 2829 3004 in
2866 2949 3031 3004 amici
3076 2949 3337 3022 gratiam,

1739 3046 1925 3096 utrum
1956 3038 2189 3096 Colonia
2229 3039 2317 3093 vel
2344 3035 2567 3092 Nuissia
2601 3035 2728 3091 sciri
2759 3037 2965 3109 possit,
3004 3037 3127 3106 quis
3164 3037 3338 3093 suerit

1737 3131 1931 3184 auctor
1980 3125 2167 3198 magni
2204 3123 2455 3180 Chronici
2486 3122 2689 3191 Belgici
2741 3139 2777 3176 a
2814 3121 3134 3178 Pistorio
3176 3121 3335 3178 editi.

1740 3215 1868 3272 Fuit
1906 3213 2209 3270 eanonicus
2258 3211 2525 3280 regularis
2562 3208 2925 3278 Nuissiensis3
2976 3207 3073 3264 sed
3110 3224 3337 3282 nouien,

1738 3307 1796 3358 ct
1821 3288 1934 3357 alia
1962 3302 2035 3356 ad
2063 3301 2257 3357 Virum
2288 3297 2619 3372 pertinentia
2652 3295 2791 3352 scire
2822 3296 3098 3352 vellemus.

1823 3389 1882 3444 Si
1922 3389 2069 3445 ratio
2122 3386 2426 3456 excogitari
2467 3387 2679 3458 posset,
2732 3383 3055 3455 cerporibus
3091 3381 3220 3438 licet
3262 3383 3339 3442 ad

1738 3476 1856 3531 sola
1894 3477 2273 3547 phaenomena
2314 3473 2577 3543 redactis,
2630 3471 2971 3542 explicandi,
2998 3470 3335 3542 possibilita-

1736 3567 1850 3617 tem
1871 3561 1997 3614 τσῦ
2025 3557 2551 3632 μετσυσιασμυῡ
2572 3558 2756 3630 vestri,
2770 3558 2827 3613 id
2851 3557 3067 3629 pridem
3092 3558 3336 3616 mallem.

1738 3649 1885 3704 Nam
1912 3649 2247 3720 Hypotbesis
2277 3648 2375 3704 illa
2407 3647 2593 3702 multis
2622 3645 2802 3703 modis
2830 3644 3025 3716 placet.
3092 3644 3209 3703 Nec
3236 3645 3337 3702 ali-

1739 3750 1846 3808 qua
1876 3737 1986 3791 alia
2014 3753 2104 3808 re,
2138 3750 2305 3806 quam
2336 3732 2701 3802 MonadibuS,
2734 3747 3030 3804 earumque
3061 3731 3337 3786 modifica-

1740 3823 1983 3880 tionibus
2014 3823 2241 3880 internis
2256 3859 2272 3892 ,
2310 3819 2383 3876 ad
2412 3818 2822 3889 Philosophiam
2850 3817 3123 3888 oppositis
3144 3831 3335 3888 auper-

1737 3910 2097 3980 uaturalibus‚
2129 3909 2455 3978 indigemus
2540 3900 2649 3961 Sed
2680 3919 2889 3975 vereor,
2918 3907 2981 3959 ut
3008 3903 3337 3972 mysterium

1740 3997 2169 4066 Incarnationis‚
2200 3994 2417 4064 aliaque
2446 3992 2721 4064 explicare
2749 3990 3049 4063 possimus,
3074 3989 3185 4046 nisi
3213 3990 3333 4048 vin-

1737 4087 1863 4142 cula
1892 4085 2065 4139 realia
2092 4089 2197 4138 seu·
2218 4082 2451 4138 uniones
2482 4078 2762 4136 accedant.
3035 4098 3039 4106 ¹

1826 4169 1989 4236 Quod
2038 4173 2313 4242 superest,
2367 4169 2491 4224 vale
2538 4170 2597 4222 et
2636 4167 2787 4235 fave,
2848 4177 2913 4220 ac
2953 4162 3185 4218 feliciter
3228 4162 3333 4218 iter

1735 4263 1895 4316 tuum
1916 4273 2131 4332 perage.
2170 4257 2389 4312 Dabam
2410 4255 2737 4310 Hanoverae
2770 4251 2871 4306 10.
2884 4249 3113 4306 Octobr.
3142 4247 3331 4306 1712.

2672 4336 3065 4394 Deditissi-mus
3108 4330 3125 4341 '

2530 4428 2601 4482 G.
2632 4427 2703 4481 G.
2732 4423 3150 4482 Leibnitius.

1821 4520 1885 4576 P.
1912 4519 1969 4574 S.
2015 4517 2313 4574 Pecuniam
2352 4516 2460 4570 Du.
2492 4509 3047 4570 Romerskirkio
3082 4506 3331 4565 debitam

1732 4606 1935 4676 adjicio
1963 4610 2109 4661 tuae.
2182 4603 2413 4660 Paululo
2442 4601 2627 4658 miuus
2656 4613 2821 4670 quam
2854 4599 2903 4652 ·5
2938 4596 3175 4652 thaleros
3202 4609 3329 4650 con·

1733 4693 1865 4767 ficit,
1896 4707 2037 4765 quos
2066 4692 2261 4763 mitto,
2303 4703 2577 4760 rogoque,
2608 4690 2670 4744 ut
2694 4687 2751 4740 ei
2776 4682 2919 4740 solvi
2948 4698 3116 4738 cures.

2550 5199 2698 5251 87·
