3717 5850
387 351 456 424 X
1655 348 2445 413 PRAEFATIO.

387 515 480 564 eo·
513 490 718 585 magis
759 489 1158 560 detestantur.
1244 485 1414 556 Sunt
1455 485 1564 579 qui
1605 484 1822 578 magni
1859 481 1927 553 id
1970 485 2301 552 aestiment
2340 481 2663 565 momenti,
2708 481 2879 574 quod
2922 479 3267 551 Leibnitius
3308 479 3687 551 scholasti-

387 629 507 677 cus
547 605 980 676 Nominalium
1031 604 1245 698 potius
1291 625 1486 694 quam
1529 600 1825 670 Realium
1870 613 2080 695 partes
2134 587 2391 669 secutus
2444 601 2539 666 sit.
2616 596 2787 681 Sed,
2844 599 2961 666 etsi
3014 622 3141 666 non
3186 601 3405 690 ignoro
3448 600 3516 666 in
3566 617 3685 664 ea

389 745 590 816 quam
640 731 860 815 postea
909 721 1234 812 professus
1289 728 1386 786 est
1441 715 1836 810 philosophia
1892 715 2035 810 plus
2090 714 2483 808 cognationis
2535 737 2677 781 esse
2730 736 2883 782 cum
2926 712 3389 782 Nominalismo
3446 733 3689 806 quam

389 859 542 908 cum
583 823 921 918 Realisino,
963 845 1176 903 tamen
1221 830 1393 925 quod
1438 831 1883 900 scholastizans
1925 830 2360 901 Nominalium
2406 837 2612 921 partes
2654 830 2869 911 tenuit,
2912 828 3063 897 nihil
3102 829 3429 922 portendit.
3504 827 3692 898 Sci-

389 950 536 1021 licet
575 975 616 1020 o
629 973 750 1019 mn
763 975 800 1019 e
815 973 848 1018 s
906 953 1014 1042 qui
1069 949 1195 1020 hoc
1237 961 1522 1041 tempore
1568 945 1976 1015 scholasticae
2018 943 2450 1039 philosophiae
2494 943 2918 1013 adhaerebant
2958 943 3393 1013 Nominalium
3438 953 3687 1012 secta-

388 1078 556 1135 tores
610 1068 802 1134 fuisse
852 1077 1108 1134 constat.
1195 1064 1449 1158 Majoris
1491 1061 1644 1130 mihi
1697 1061 1945 1130 videtur
1986 1063 2293 1128 momenti
2349 1071 2895 1152 argumentum
2937 1057 3129 1151 hujus
3172 1059 3683 1138 dissertationi83

389 1180 562 1274 quod
625 1192 870 1250 tantum
939 1183 1109 1250 enim
1177 1179 1380 1261 abest,
1449 1189 1521 1247 ut
1583 1199 1739 1244 casu
1795 1177 1913 1244 sibi
1968 1177 2288 1258 sumserit,
2355 1185 2429 1242 ut
2481 1173 2715 1243 multos
2769 1186 2915 1267 post
2968 1198 3167 1242 annos
3220 1197 3371 1244 eum
3425 1173 3683 1242 videa-

386 1319 537 1364 mus
579 1297 849 1365 eandem
903 1319 1040 1365 rem
1083 1295 1517 1387 pensitantem.
1583 1291 1804 1358 Exstat
1860 1293 2033 1358 enim
2075 1289 2455 1358 Hanoverae
2496 1292 2920 1382 fragmentum
2964 1288 3423 1381 autographum
3480 1307 3687 1356 anno

384 1409 878 1480 MDCLXXVI.
920 1410 1364 1500 conscriptum,
1407 1407 1653 1474 initium
1682 1407 2011 1474 continens
2044 1407 2587 1474 commentationis
2612 1405 2977 1496 inscriptae:
3022 1403 3336 1472 Meditatio
3366 1402 3447 1470 de
3475 1403 3685 1493 prin-

383 1529 550 1616 cipio
590 1525 907 1594 individui.
1001 1523 1218 1608 Quae,
1262 1524 1378 1590 etsi
1420 1525 1504 1588 ita
1547 1533 1913 1614 comparata
1956 1532 2108 1604 erat,
2152 1531 2223 1588 ut
2262 1521 2459 1612 recipi
2502 1543 2539 1587 a
2584 1542 2690 1587 me
2732 1541 2863 1587 non
2904 1531 3136 1612 posset,
3178 1531 3408 1600 tamen,
3454 1539 3683 1608 quam

385 1663 580 1731 grave
621 1638 928 1708 Leibnitio
983 1636 1108 1706 hoc
1153 1647 1599 1729 argumentum
1643 1639 1853 1704 visum
1896 1639 2111 1719 fuerit,
2169 1639 2318 1703 satis
2378 1635 2575 1704 docet.
2664 1634 2749 1702 Et
2805 1658 2956 1703 cum
3012 1645 3141 1703 tota
3186 1637 3323 1726 ejus
3364 1632 3679 1726 philoso-

381 1753 528 1846 phia
569 1756 635 1821 in
679 1775 758 1821 eo
802 1754 1003 1845 posita
1045 1754 1123 1820 sit
1165 1762 1240 1820 ut
1281 1750 1668 1843 singulorum
1711 1754 1951 1821 entium
1995 1751 2337 1820 substantia
2381 1773 2457 1819 ac
2498 1749 2677 1819 valor
2720 1754 2971 1836 (contra
3014 1750 3358 1841 Spinozam
3398 1746 3673 1833 potissi-

382 1873 586 1955 mum)
630 1867 1025 1952 defendatur,
1068 1867 1171 1936 Fr.
1192 1865 1388 1934 Henr.
1417 1866 1676 1934 Jacobio
1721 1868 2054 1950 assentior,
2099 1868 2209 1959 qui
2252 1876 2470 1934 notatu
2506 1863 2572 1933 id
2615 1864 2879 1958 dignum
2921 1867 3181 1948 censuit,
3224 1863 3397 1958 quod
3440 1865 3667 1957 prima

383 1979 672 2051 Leibnitii
711 1985 962 2075 scriptio
1007 1981 1086 2050 de
1129 1983 1432 2075 principio
1473 1981 1779 2050 individui
1821 1983 2036 2074 egerit.

562 2095 631 2164 Π.
687 2097 1177 2167 Dissertatio
1237 2096 1328 2165 de
1387 2108 1554 2166 arte
1609 2096 2214 2178 combinatoria,
2268 2117 2432 2187 quae
2488 2117 2655 2164 anno
2698 2093 3119 2164 MDCLXVI.
3160 2096 3437 2187 primum
3476 2093 3667 2163 edita

383 2212 556 2306 apud
597 2212 986 2306 Dutensium
1029 2213 1256 2305 legitur
1299 2211 1441 2281 Vol.
1471 2213 1542 2296 11,
1585 2213 1658 2281 Ρ.
1689 2210 1733 2279 l.
1777 2235 1842 2304 p.
1886 2215 2039 2282 341.
2086 2247 2169 2262 --
2218 2211 2389 2280 Cum
2430 2209 2593 2280 haec
2636 2211 2981 2282 dissertatio
3022 2235 3150 2280 non
3195 2210 3403 2279 solum
3446 2209 3664 2278 arith-

383 2328 613 2396 metica
657 2328 753 2410 sit,
797 2327 911 2396 sed
953 2329 1018 2396 in
1065 2351 1141 2418 ea
1184 2325 1464 2396 calculus
1506 2326 1996 2397 combinatorius
2038 2325 2119 2393 ad
2162 2337 2532 2418 argumenta
2576 2329 2766 2394 etiam
2806 2326 3011 2419 logica
3054 2323 3446 2410 adhibeatur,
3488 2347 3669 2394 cum

383 2465 574 2534 porro
617 2443 683 2510 in
725 2465 960 2535 magno
1003 2440 1110 2510 illo
1155 2441 1234 2511 de
1277 2444 1533 2511 scientia
1575 2441 1853 2536 generali
1899 2465 2121 2534 opere,
2180 2441 2351 2532 quod
2395 2453 2613 2534 postea
2655 2453 2869 2511 noster
2910 2439 3264 2524 moliretur,
3316 2465 3420 2508 ars
3460 2463 3665 2510 com-

383 2555 690 2625 binatoria
737 2580 931 2626 suum
971 2567 1188 2626 tenere
1230 2556 1486 2626 deberet
1525 2556 1737 2626 locum
1751 2577 1797 2643 ,·
1830 2555 2369 2626 adnumerandam
2411 2579 2557 2624 eam
2602 2581 2743 2626 esse
2783 2556 2955 2626 libris
2994 2556 3439 2650 philosophicis
3481 2579 3657 2626 cen-

382 2675 502 2741 sui.
587 2673 836 2741 Primas
875 2671 1066 2766 hujus
1109 2672 1549 2741 dissertationis
1591 2671 1878 2764 plagulas
1920 2673 2039 2740 sub
2082 2671 2258 2740 titulo
2302 2672 2746 2744 dissertationis
2788 2673 3207 2742 arithmeticae
3250 2683 3434 2740 antea
3481 2675 3657 2765 jam,

381 2809 500 2878 pro
543 2785 685 2857 loco
729 2791 795 2857 in
837 2789 1129 2858 facultate
1169 2787 1601 2881 philosophica
1645 2786 2000 2871 obtinendo,
2044 2785 2321 2857 ediderat
2365 2785 2725 2858 Leibnitius.
2783 2789 2863 2858 V.
2910 2811 3076 2880 quae
3118 2787 3197 2857 de
3238 2788 3359 2856 hac
3399 2811 3471 2856 re
3512 2811 3651 2856 no-

382 2903 654 2973 tavimus
693 2905 760 2973 in
803 2916 1015 2976 nostra
1057 2904 1322 2974 editione
1363 2929 1424 2998 p.
1473 2907 1577 2973 11.

554 3018 652 3087 111.
685 3019 1102 3090 Confessio
1131 3032 1465 3089 naturae
1507 3030 1780 3089 contra
1823 3016 2261 3103 AtheistaS,
2320 3022 2595 3089 continet
2630 3020 2955 3113 specimen
3000 3017 3465 3087 demonstrandi
3495 3019 3649 3087 exi-

382 3136 672 3203 stentiam
726 3134 857 3203 Dei
911 3137 1226 3228 animique
1279 3134 1822 3205 immortalitatem.
1916 3133 2132 3218 Quam
2186 3138 2643 3203 confessionem
2657 3185 2676 3219 ,
2744 3156 2909 3201 anno
2952 3132 3425 3203 MDCLXVIII.
3477 3158 3647 3202 con-

383 3252 711 3343 scriptam,
753 3250 1104 3319 Dutensius
1159 3250 1452 3343 operibus
1506 3247 1876 3339 theologicis
1920 3249 2317 3334 adnumerat3
2372 3273 2567 3341 quare
2608 3252 2675 3317 in
2718 3248 3037 3317 volumine
3080 3248 3123 3317 1.
3168 3253 3307 3342 ejus
3348 3248 3646 3318 editionis

380 3364 622 3457 legitur.
715 3364 936 3452 Quum
989 3389 1142 3434 vero
1197 3364 1552 3459 theologiae
1607 3362 1925 3433 rationalis
1979 3375 2043 3432 et
2084 3363 2516 3457 philosophiae
2560 3387 2825 3456 regnum
2880 3364 3121 3433 difficile
3176 3368 3255 3433 sit
3306 3364 3647 3455 disjunctu,

381 3502 662 3572 cumque
717 3483 854 3571 ipse
897 3478 1242 3550 Leibnitius
1295 3485 1360 3549 in
1417 3480 1700 3572 subjecta
1743 3477 2006 3569 epistola
2050 3480 2131 3548 ad
2175 3480 2591 3549 Thomasium
2634 3480 2797 3548 hanc
2840 3479 3432 3549 demonstrationem
3474 3491 3647 3548 tam-

382 3618 579 3686 quam
631 3594 828 3665 solitis
881 3598 1332 3665 accuratiorem
1385 3599 1559 3677 citet,
1615 3593 2015 3663 inserendam
2070 3618 2216 3663 eam
2260 3594 2607 3664 collectioni
2650 3598 2853 3663 statui.
2940 3596 3075 3663 Etsi
3114 3596 3458 3667 Leibnitius
3495 3598 3643 3687 ipse

379 3708 581 3795 dolet,
641 3712 852 3803 -quod
894 3711 1372 3781 mendosissime
1412 3712 1566 3779 illud
1612 3710 1912 3779 schedion
1954 3712 2337 3802 impressum
2382 3722 2494 3778 est.
2582 3710 2867 3801 Inprimis
2912 3714 3131 3779 sorites
3172 3710 3296 3793 ille,
3343 3735 3470 3803 quo
3514 3710 3637 3781 de-

385 3836 774 3894 ·monstrare
820 3838 1083 3895 conatus
1125 3852 1272 3895 sum
1314 3824 1845 3896 immortalitatem
1892 3828 2114 3908 animi,
2166 3827 2421 3893 mutatis
2462 3824 2770 3894 linearum
2812 3826 3143 3895 initialibus
3186 3828 3345 3893 mire
3386 3837 3639 3918 pertur-

387 3938 607 4007 -batus
653 3950 804 4024 est,·
847 3980 926 3994 -··-
965 3953 1178 4010 tamen
1231 3967 1361 4011 non
1405 3942 1582 4032 potui
1627 3943 1778 4032 quin
1823 3940 2185 4009 exhiberem
2228 3942 2411 4007 sicuti
2452 3942 2515 4007 in
2560 3942 2813 4033 Spizelii
2844 3938 3123 4034 Epistola
3166 3939 3247 4009 ad
3290 3938 3434 4006 Ant.
3476 3940 3638 4009 Rei-

321 4108 326 4113 .
379 4076 596 4122 serum
640 4054 720 4123 de
763 4055 1136 4125 eradicando
1181 4056 1503 4125 Atheismo
1548 4056 1709 4147 Aug.
1755 4054 2002 4123 Vindel.
2050 4054 2239 4125 1669.
2283 4054 2526 4145 legitur.
2616 4057 2913 4147 Sequitur

557 4167 663 4237 IV.
710 4169 1065 4262 Epistola
1119 4172 1211 4240 ad
1267 4172 1810 4253 Thomasium,
1881 4192 2047 4239 anno
2100 4169 2527 4238 MDCLXIX.
2592 4172 2943 4262 conscripta
2997 4178 3064 4237 et
3126 4169 3414 4260 sequenti
3466 4191 3639 4239 anno

381 4306 534 4355 cum
564 4282 848 4355 Leibnitii
877 4286 1144 4355 editione
1172 4286 1401 4356 Nizolii
1427 4287 1706 4376 primum
1735 4285 1917 4353 edita.
1959 4285 2311 4354 Dutensius
2342 4288 2400 4353 ei
2423 4284 2637 4353 locum
2668 4284 2836 4354 dedit
2860 4287 2923 4353 in
2949 4283 3093 4353 Vol.
3122 4284 3230 4353 1V.
3274 4306 3335 4373 p.
3369 4290 3428 4351 7.
3460 4308 3639 4377 seqq.

382 4400 465 4469 At
517 4402 657 4492 quis
714 4400 952 4469 dubitet
1006 4404 1156 4493 quin
1207 4401 1424 4470 locum
1467 4399 1570 4467 hic
1611 4404 1834 4468 merita
1880 4404 1975 4485 sit,
2019 4424 2171 4469 cum
2214 4412 2343 4469 tam
2386 4398 2555 4469 clare
2600 4402 2751 4493 quid
2782 4400 2860 4469 de
2888 4399 3143 4468 historia
3170 4398 3640 4491 Philosophiae,

382 4513 534 4606 quid
576 4513 654 4583 de
681 4514 1080 4607 Philosophis
1123 4519 1391 4609 antiquis
1432 4525 1646 4583 noster
1689 4518 1977 4599 senserit,
2022 4516 2261 4584 doceat.
2422 4524 2425 4529 ’
3712 4524 3714 4529 ’

561 4630 642 4700 V.
685 4630 1162 4701 Dissertatio
1207 4633 1296 4701 de
1340 4631 1544 4723 stylo
1588 4629 2151 4724 philosophico
2194 4630 2525 4715 Nizolii,
2570 4652 2765 4723 quam
2809 4652 2938 4699 una
2978 4653 3127 4699 cum
3156 4630 3417 4723 epistola
3442 4630 3633 4699 modo

381 4744 634 4815 laudata
674 4748 739 4813 in
783 4750 1280 4840 praefatione
1337 4750 1544 4841 operis
1585 4746 1860 4839 legimus
1906 4769 2069 4817 anno
2112 4746 2515 4815 MDCLXX.
2559 4746 2732 4814 editi:
2822 4746 3003 4814 Marii
3057 4745 3287 4816 Nizolii
3336 4745 3416 4814 de
3468 4749 3634 4813 veris

379 4862 696 4953 'principiis
751 4874 816 4931 et
865 4889 1018 4932 vera
1070 4867 1312 4933 ratione
1349 4861 1833 4956 philosophandi
1885 4873 2102 4931 contra
2145 4861 2805 4954 pseudophilosophos
2845 4862 2983 4929 libri
3024 4862 3135 4947 IV,
3175 4862 3449 4954 inscripti
3486 4860 3630 4928 illu-

381 4979 686 5046 strissimo
727 4978 963 5048 Baroni
1005 5004 1043 5048 a
1086 4979 1451 5071 Boineburg
1493 4980 1573 5047 ab
1617 4976 1854 5046 editore
1904 4978 1979 5047 G.
2012 4977 2086 5045 G.
2116 4976 2188 5045 L.
2216 4977 2291 5045 L.
2335 4978 2387 5047 F
2388 4980 2619 5047 rancof.
2664 4980 2856 5047 1670.
2903 4980 2965 5047 4.
3010 5018 3100 5029 -
3145 4976 3395 5047 Titulus
3438 4999 3629 5067 quem

379 5090 764 5163 Jaucourtus
781 5110 787 5115 ·
807 5096 979 5162 citat:
1067 5094 1512 5165 Antibarbarus
1554 5090 2027 5186 philosophicus
2068 5103 2206 5179 etc,
2250 5116 2377 5186 quo
2422 5091 2578 5163 liber
2612 5091 2842 5162 Nizolii
2880 5096 3219 5164 instructus
3260 5102 3393 5161 erat
3434 5114 3631 5183 quum
