3717 5850
363 324 492 393 162
554 280 563 287 δ
1367 327 1485 387 LII.
1577 328 1678 385 DE
1718 327 1999 385 LINGUA
2042 324 2623 385 CHARACI'ERICA.

360 494 482 550 cos,
522 475 618 531 sed
654 488 795 545 quae
821 487 1038 527 caussas
1067 469 1442 544 intelligibiles
1469 469 1724 527 adserunt
1751 484 1939 525 rerum
1984 462 1996 551 Ι
2047 472 2299 542 expectat
2336 466 2509 523 orbis.
2597 466 2663 522 Id
2691 465 2825 523 mihi
2852 450 2971 522 non
3000 468 3215 522 tantum
3228 506 3244 538 ,
3286 466 3385 523 sed
3414 470 3476 523 et
3506 466 3669 521 Ger-

359 564 714 634 sensibilium,
745 559 844 616 ubi
876 560 1018 633 licet,
1053 563 1149 615 aut
1174 559 1272 616 ubi
1300 576 1414 615 non
1434 558 1580 633 licet,
1607 573 1941 630 consequen·
1988 566 1993 618 1
2043 558 2261 613 maniae
2278 557 2383 613 erit
2406 555 2789 630 gratissimum.
2834 554 2986 611 Vale.
3031 554 3249 612 Dabam
3270 555 3669 612 Hannoverae

361 654 467 711 tias
515 652 710 707 saltem
757 648 920 705 utiles
959 651 1249 706 effectuum
1291 650 1491 718 ¹ducant
1529 663 1603 703 ex
1641 646 1738 719 iis,
1798 661 1941 718 quae
2043 647 2096 702 d.
2132 646 2231 702 27.
2261 646 2407 720 Sept.
2446 645 2635 701 1699.

362 758 524 800 sensu
565 744 714 795 certa
752 742 908 812 sunt,
950 738 1054 794 etsi
1095 736 1340 793 nondum
1381 736 1454 793 ad
1480 752 1669 791 causas
1698 734 1940 791 reducta.
2786 730 3170 788 Deditissimus

360 830 520 895 Quod
551 828 599 885 si
628 829 706 884 sic
733 826 931 899 pergiS,
963 828 1210 900 profecto
1230 825 1452 897 efficies,
1481 827 1548 879 ut
1569 822 1943 881 Fridericiana
1990 804 1999 922 Ι
2544 820 2783 877 Godef.
2828 820 3004 877 Guil.
3034 821 3457 879 Leibnitius.

362 918 526 974 nobis
563 917 658 973 det
685 914 1009 990 Academia,
1040 914 1186 988 quod
1209 915 1410 969 frustra
1437 910 1510 970 ab
1540 912 1664 968 aliis
1693 910 1940 969 eruditus
1990 925 1997 976 ι

1909 1398 2106 1488 LII.

1083 1577 1676 1671 HISTORIA
1736 1576 1903 1666 ET
1968 1571 2901 1667 COMMENDATIO

361 1768 1044 1892 LINGUAE
1178 1764 2485 1888 CHARACTERICAE
2610 1646 3659 1886 UNIVERSALIS

1060 1988 1265 2055 QUAE
1307 1988 1532 2047 SIMUL
1572 1988 1686 2045 SIT
1728 1988 1870 2045 ARs
1916 1986 2353 2043 INVENIENDI
2394 1986 2493 2043 ΕΤ
2534 1982 2939 2045 JUDICANDI.

1239 2250 1470 2308 (osvres
1505 2250 1927 2307 Pmlosophlques
1964 2258 2058 2299 etc.
2128 2252 2221 2298 td.
2254 2252 2468 2307 Ruspe
2504 2262 2553 2307 ιι.
2591 2249 2750 2306 538.)

1943 2416 2013 2421 ---
2020 2414 2211 2421 -ῴ-

450 2503 620 2559 Vetus
648 2500 878 2557 verbum
905 2502 1017 2572 est,
1058 2500 1238 2556 Deum
1266 2498 1456 2555 omnia
1482 2498 1750 2571 pondere,
1794 2512 1947 2553 men·
1992 2503 2001 2537 ¹
2048 2514 2145 2553 nes
2173 2496 2346 2553 animi
2360 2508 2535 2555 ‘sensa
2561 2498 2963 2556 communicare
3000 2504 3057 2556 et
3084 2516 3225 2573 quae
3250 2500 3470 2576 scripsit
3499 2501 3657 2557 alter

365 2608 509 2665 sura,
551 2606 780 2646 numero
809 2588 1015 2645 fecisse.
1105 2590 1244 2644 Sunt
1271 2592 1455 2643 autem
1483 2603 1624 2659 quae
1650 2577 1969 2659 ponderari
1993 2578 1999 2621 ¹
2049 2587 2107 2642 in
2135 2602 2235 2641 sua
2262 2585 2490 2659 quisque
2516 2586 2706 2661 lingua
2733 2588 2911 2661 legere
2930 2594 3111 2663 queat,
3144 2606 3307 2647 nemo
3328 2594 3523 2646 tamen
3550 2608 3653 2664 ag-

364 2698 480 2737 non
519 2682 774 2753 possunt,
831 2676 1036 2733 scilicet
1073 2692 1214 2749 quae
1251 2676 1367 2731 vim
1405 2680 1462 2731 et
1489 2677 1796 2749 potentiam
1823 2674 1949 2729 nul·
2036 2690 2261 2747 graffiis
2291 2680 2375 2730 aet
2402 2676 2649 2748 linguam
2676 2676 2794 2737 sive
2822 2678 3316 2753 Oiatacteristicen,
3346 2680 3409 2735 in
3432 2695 3554 2752 qua
3578 2680 3652 2733 si-

365 2772 480 2827 lam
531 2768 764 2838 habenti,
817 2769 946 2821 sunt
987 2765 1157 2821 etiam
1199 2780 1340 2837 quae
1377 2768 1564 2821 carent
1601 2764 1852 2837 partibus
1882 2779 1947 2819 ac
2050 2763 2165 2818 mul
2209 2778 2299 2817 ars
2345 2763 2659 2821 inveniendi
2698 2769 2755 2821 ct
2791 2766 3067 2822 iudicandi
3110 2770 3483 2825 contineretur
3498 2788 3515 2823 τ
3588 2769 3649 2824 ιιι

365 2856 596 2934 proinde
643 2870 956 2911 mensuram
1003 2870 1119 2909 non
1155 2853 1441 2928 rccipiunt.
1540 2853 1646 2909 Sed
1684 2852 1823 2908 nihil
1862 2856 1947 2909 est
2048 2856 2132 2908 est
2157 2851 2310 2907 cuius
2340 2858 2507 2909 notae
2532 2858 2589 2910 et
2606 2855 2939 2911 characteres
2958 2862 3295 2929 praestarent
3314 2857 3465 2913 idem
3488 2858 3649 2932 quod

365 2946 514 3021 quod
573 2959 862 3002 numerum
923 2959 1038 2999 non
1086 2943 1342 3016 patiatur.
1447 2943 1638 3016 ltaque
1689 2959 1949 2998 numerus
2051 2945 2215 2998 notae
2265 2943 2637 3000 arithmeticae
2684 2944 2747 2999 in
2796 2947 3039 3002 numeris
3086 2951 3143 3002 et
3193 2947 3547 3020 algebraioee
3586 2948 3645 3002 in

365 3035 520 3109 quasi
558 3035 730 3108 figura
757 3033 1026 3106 quaedam
1052 3031 1400 3105 Metaphyica
1437 3035 1551 3106 est,
1595 3035 1652 3088 et
1678 3032 1953 3088 Arithme-
1998 3065 2003 3121 Ι
2051 3029 2521 3102 magnitudinibus
2549 3033 2819 3089 abstracte
2847 3035 3072 3107 sumtis3
3116 3041 3171 3092 et
3199 3041 3384 3092 tamen
3416 3037 3646 3092 videtur

363 3126 474 3181 tica
511 3129 596 3180 est
631 3122 898 3196 quaedam
927 3120 1130 3178 Statica
1168 3121 1433 3196 universi,
1487 3136 1597 3194 qua
1633 3135 1814 3177 rerum
1856 3135 1955 3194 po-
2052 3121 2219 3191 Deus,
2250 3137 2375 3176 cum
2404 3119 2501 3176 has
2530 3121 2667 3178 duas
2697 3122 2953 3179 scientias
2985 3125 3168 3197 generi
3200 3125 3441 3180 humano
3468 3125 3645 3197 largi·-

364 3212 570 3269 tentiae
597 3211 968 3284 explorantur.
2054 3211 2143 3264 tus
2170 3212 2269 3281 est,
2300 3209 2599 3267 admonere
2622 3227 2727 3266 nos
2757 3212 3009 3284 voluisse,
3041 3214 3211 3270 latere
3240 3214 3299 3270 in
3326 3219 3533 3270 nostro
3562 3215 3645 3269 in-

456 3302 584 3356 Jam
613 3300 742 3356 inde
767 3315 802 3354 a
831 3299 1142 3370 Pythagora
1169 3297 1411 3370 persuasi
1441 3299 1662 3354 filerunt
1681 3297 1949 3371 homines,
2052 3297 2271 3353 tellectu
2320 3313 2579 3354 arcanum
2630 3299 2793 3373 longe
2830 3301 3009 3357 maius
3020 3343 3037 3377 ,
3082 3303 3237 3360 cuius
3274 3303 3376 3358 hae
3416 3307 3645 3359 tantum

2052 3385 2279 3442 umbrae
2306 3391 2499 3443 essent.

2140 3473 2367 3530 Factum
2388 3479 2471 3530 ιιι
2499 3479 2683 3531 autem
2711 3476 2895 3532 nescio
2924 3493 3033 3549 quo
3063 3482 3195 3552 fato,
3236 3484 3299 3536 ut
3324 3498 3429 3553 ego
3458 3481 3645 3538 adhuc

2051 3579 2185 3636 puer
2216 3563 2273 3618 in
2304 3565 2401 3618 has
2428 3565 2783 3637 cogitationes
2812 3565 3135 3643 inciderem,
3167 3584 3331 3642 quae,
3362 3574 3430 3625 ut
3458 3571 3648 3627 solent

368 3381 616 3446 'maxima
653 3388 714 3444 in
743 3388 985 3444 numeris
1013 3385 1276 3455 mysteria
1306 3386 1494 3444 latere.
1581 3387 1654 3442 Et
1681 3387 1952 3460 Pythago·

367 3493 490 3535 ram
531 3475 792 3533 credibile
828 3479 938 3548 est,
983 3479 1046 3530 ut
1087 3474 1198 3530 alia
1225 3473 1416 3546 multa,
1459 3475 1538 3530 ita
1567 3475 1706 3532 hanc
1734 3491 1951 3549 quoque

368 3567 687 3639 opinionem
726 3579 797 3621 ex
827 3565 1051 3620 Oriente
1087 3561 1338 3618 attulisse
1365 3564 1426 3619 in
1453 3565 1757 3620 Graeciam.
1843 3565 1950 3620 Sed

368 3671 494 3711 cum
533 3669 664 3710 vera
701 3653 886 3710 arcani
923 3652 1092 3709 clavis
1130 3651 1497 3726 ignoraretur,
1535 3653 1676 3726 lapsi
1705 3657 1832 3710 sunt
1860 3669 1951 3709 cu·
2050 3651 2263 3724 primae
2303 3652 2708 3726 inclinationes,
2762 3659 2952 3727 postea
2992 3672 3205 3730 semper
3241 3659 3517 3715 altissime
3562 3663 3646 3716 in-

367 3743 624 3801 riosiores
663 3741 724 3798 in
762 3741 940 3798 futilia
983 3745 1038 3796 et
1067 3741 1466 3814 superstitiosa,
1520 3743 1666 3798 unde
1693 3747 1826 3798 nata
1866 3747 1951 3798 est
2051 3741 2193 3796 fixae
2242 3741 2413 3796 menti
2452 3742 2686 3799 haesere.
2774 3744 2901 3799 Duo
2942 3745 3078 3800 mihi
3114 3749 3367 3818 promere
3404 3749 3647 3806 mirifice

368 3833 613 3890 Gabbala
649 3831 918 3903 quaedam
955 3829 1221 3903 vulgaris,
1276 3845 1312 3885 a
1349 3847 1479 3886 vera
1515 3830 1679 3904 longe
1715 3835 1947 3906 remota,
1997 3878 2003 3913 Ι
2053 3825 2227 3907 (quae
2276 3833 2461 3886 tamen
2514 3831 2720 3932 alioqui
2770 3833 3029 3906 ambigua
3070 3838 3125 3890 et
3168 3835 3419 3910 pluribus
3457 3839 3647 3893 noxia

369 3927 428 3978 et
462 3919 704 3993 ineptiae
741 3918 1068 3991 multiplices
1095 3917 1380 3988 cujusdam
1408 3919 1530 3975 falsi
1559 3921 1801 3976 nominis
1830 3921 1951 3975 Ma-
1997 3952 2002 3991 :
2048 3933 2167 3973 ease
2201 3911 2418 3996 solent)
2459 3915 2723 3994 primum,
2764 3923 2909 3993 quod
2952 3925 3065 3979 fere
3091 3941 3265 3981 essem
3295 3911 3645 3978 οἷυτοὸιόα-

277 4055 288 4062 .
369 4011 517 4083 giae,
561 4008 761 4080 quibus
797 4008 944 4082 pleni
973 4012 1100 4064 sunt
1121 4006 1270 4064 libri.
1357 4009 1574 4064 Interea
1600 4008 1766 4065 insita
1795 4025 1951 4064 man·
1996 4022 2001 4129 Ι
2047 4021 2227 4071 κτος,
2267 4008 2501 4064 alterum
2528 4009 2673 4080 quod
2703 4025 3015 4082 quaererem
3042 4023 3190 4069 nova
3218 4014 3277 4069 in
3305 4029 3645 4088 unaquaque

370 4099 445 4154 sit
493 4097 808 4154 hominibus
859 4096 1090 4152 facilitas
1141 4097 1394 4152 credendi
1431 4096 1660 4152 mirifica
1709 4095 1947 4153 inveniri
2047 4095 2290 4168 scientia,
2320 4101 2383 4152 ut
2408 4097 2651 4170 primum
2670 4113 2794 4154 eam
2824 4101 3179 4176 attingebam,
3210 4119 3335 4159 cum
3368 4121 3543 4178 saepe
3572 4121 3643 4161 ne

369 4203 530 4259 posse
557 4185 825 4258 numeris,
856 4183 1255 4242 characteribus
1285 4189 1342 4240 et
1367 4183 1556 4256 lingua
1584 4185 1820 4255 quadam
1847 4203 1948 4241 no-
2048 4183 2293 4256 vulgaria
2342 4186 2563 4257 quidem
2608 4187 2745 4242 satis
2778 4191 3152 4265 percepissem.
3249 4192 3355 4248 Sed
3398 4195 3485 4249 ita
3530 4195 3641 4250 duo

371 4292 460 4348 va,
491 4289 657 4347 quam
684 4272 856 4345 aliqui
882 4273 1224 4346 Adamicam,
1254 4272 1494 4328 Jacobus
1524 4272 1792 4330 Bohemus
1829 4273 1899 4330 di
1914 4291 1947 4330 e
2046 4272 2285 4328 lucratus
2326 4291 2479 4346 sum3
2518 4275 2757 4348 primum
2792 4292 2865 4332 ne
2892 4279 3138 4335 animum
3166 4279 3427 4337 inanibus
3454 4287 3521 4338 et
3550 4283 3639 4339 de-

371 4364 590 4420 Natur
611 4389 634 4402 ·
653 4363 955 4437 Sprache
995 4366 1170 4418 vocat.
2047 4360 2316 4417 discendis
2356 4363 2669 4438 implerem,
2710 4381 2852 4437 quae
2886 4368 3183 4425 autoritate
3220 4371 3406 4442 potius
3434 4371 3640 4428 doeen-

455 4452 563 4508 Sed
599 4452 780 4508 nescio
807 4467 882 4508 an
907 4451 1196 4523 quisquam
1223 4447 1539 4504 mortalium
1565 4465 1754 4505 veram
1779 4448 1999 4506 ratio-'
2047 4449 2187 4505 tium
2214 4464 2380 4521 quam
2410 4454 2742 4525 argumentis
2770 4461 2985 4529 recepta
3014 4461 3171 4530 sunt·
3205 4459 3438 4515 altemm
3470 4467 3541 4516 ut
3570 4477 3638 4516 ne

371 4557 500 4598 nem
529 4541 785 4597 hactenus
813 4537 1176 4614 perspexerit,
1219 4552 1329 4609 qua
1355 4535 1549 4608 cuique
1577 4539 1659 4593 rei
1687 4553 1946 4604 numerus
1993 4496 1997 4583 Ι
2046 4543 2175 4594 ante
2200 4539 2529 4609 quiescerem
2556 4557 2723 4615 quam
2750 4543 2849 4599 ubi
2877 4546 3135 4619 cuiusque
3164 4547 3447 4606 doctrinae
3468 4550 3639 4606 fibras

371 4641 501 4686 suus
535 4627 996 4686 characteristicus
1027 4626 1291 4699 assignari
1321 4625 1507 4698 possit.
1596 4626 1741 4682 Nam
1769 4627 1946 4683 erudi-
2046 4644 2111 4682 ac
2148 4626 2357 4683 radicas
2400 4645 2573 4686 essem
2610 4632 2843 4688 rimatus
2874 4637 2929 4690 et
2961 4635 3031 4692 ad
3059 4636 3327 4709 principia
3358 4637 3485 4712 ipsa
3518 4656 3637 4712 per·

369 4717 568 4775 tissimi
593 4717 860 4790 homines,
891 4731 1016 4772 cum
923 4714 1243 4859 ίἈθεῖἰιιιιιιιιιει
1263 4712 1574 4783 huiusmodi
1599 4715 1778 4772 obiter
1797 4717 1945 4789 apud
2044 4715 2317 4771 venissem
2370 4717 2516 4774 unde
2567 4719 2701 4775 mihi
2738 4723 2964 4795 proprio
2996 4725 3177 4781 Marte
3214 4726 3433 4802 onmia,
3494 4743 3635 4800 quae

368 4806 520 4880 ipsos
555 4806 1053 4879 attigissem,fassi
1090 4807 1221 4859 sunt
1259 4819 1318 4859 se
1345 4819 1459 4858 non
1485 4803 1786 4878 intelligere
1811 4803 1943 4876 quid
1992 4804 2366 4904 'tractabatm
2398 4807 2645 4865 invenire
2671 4809 2875 4866 liceret.

367 4896 618 4952 dicerem.
663 4895 736 4950 Ει
761 4905 1091 4966 quamquam
1117 4891 1325 4948 dudum
1353 4891 1551 4966 egregii
1583 4893 1808 4964 quidam
1835 4893 1944 4948 viri
1990 4905 1997 4985 Ι
2130 4893 2269 4950 Oum
2296 4911 2431 4968 ergo
2454 4912 2491 4953 a
2517 4898 2749 4955 lectione
2766 4899 3135 4976 historiarum,
3166 4919 3275 4975 qua
3295 4903 3369 4959 ab
3390 4903 3631 4960 infantia

369 4960 800 5056 excogitaverint
835 4981 1081 5053 linguam
1119 4980 1396 5053 quandam
1423 4995 1518 5037 seu
1545 4979 1946 5040 Giaracteristi-
2044 4981 2185 5038 mire
2213 4984 2421 5041 fueram
2452 4985 2777 5061 delectatus,
2818 4993 2875 5046 et
2902 5006 2937 5046 a
2966 4991 3099 5062 styli
3124 5007 3279 5066 cura,
3322 5009 3501 5066 quam
3530 5009 3627 5064 ego

367 5089 490 5128 cam
541 5071 902 5127 universalem
915 5109 931 5141 ,
986 5085 1094 5142 qua
1132 5070 1384 5126 notiones
1424 5073 1588 5142 atque
1625 5087 1712 5127 res
1749 5085 1943 5127 omnes
2042 5070 2104 5126 ιιι
2132 5071 2301 5127 Prosa
2336 5073 2612 5149 ligataque
2650 5093 2717 5133 ea
2758 5078 3015 5136 felicitate
3050 5095 3403 5138 exercueram
3442 5087 3515 5138 ut
3541 5097 3626 5136 ve-

367 5161 585 5232 pulchre
621 5159 944 5216 ordinantur
983 5164 1040 5214 et
1071 5157 1224 5229 cujus
1253 5157 1462 5214 auxilio
1491 5158 1736 5216 diversae
1761 5161 1943 5216 natio·
1988 5221 1995 5238 ⁸
2040 5163 2287 5218 rerentur
2313 5168 2688 5238 praeceptores
2716 5181 2788 5224 ue
2813 5167 2883 5224 ad
2913 5168 3013 5226 has
3032 5168 3252 5227 delicias
3273 5170 3625 5228 obhaeresoe-
