3717 5850
1099 319 1363 382 Lxxm.
1445 319 1863 380 CAUSA
1951 318 2182 380 DEI.

3146 325 3274 393 661

118 462 253 522 108.
314 461 607 520 coactio
654 459 825 518 etiam
874 473 991 516 non
1038 463 1123 516 est
1171 460 1230 518 in
1282 459 1605 516 voluntariis
1688 459 1949 532 veritatis,
1981 457 2128 531 quod
2157 459 2438 518 miseriam
2466 460 2752 521 hominum
2780 470 3063 538 procuret,
3103 471 3276 542 quod·

62 550 354 610 ctionibus=
384 549 491 606 etsi
518 549 667 606 enim
695 553 1049 604 externorum
1078 544 1602 621 repraesentationes

63 641 315 695 lui-imum
342 637 401 693 in
452 642 635 694 mente
682 640 873 692 nostra
921 634 1135 708 possint
1150 675 1167 706 ,
1220 635 1364 691 actio
1414 638 1601 691 tamen

62 733 205 784 ostra
245 723 555 782 voluntaria
606 738 823 795 semper
872 727 1175 794 spontanea
1224 726 1310 778 est
1324 760 1341 794 ‚
1410 721 1491 778 ita
1539 725 1602 778 ut

62 813 346 884 rincipium
378 810 499 880 ejus
550 810 625 866 sit
675 811 735 866 in
764 813 972 882 agente.
1060 810 1125 865 ld
1166 809 1312 881 quod
1354 825 1451 882 per
1478 810 1601 866 har-

62 901 261 957 ioniam
300 901 445 956 inter
484 913 685 970 corpus
710 901 769 954 et
796 897 1069 970 animam,
1122 898 1195 955 ab
1227 896 1389 952 initio
1418 911 1452 952 a
1480 897 1600 953 Deo

62 987 449 1046 raestabilitam
462 1026 481 1061 ,
534 985 861 1042 luculentius
917 1000 1085 1057 quam
1128 984 1389 1042 hactenus
1425 984 1601 1056 expli·

62 1081 185 1133 itur.

110 1163 253 1218 109.
296 1160 594 1231 Hucusque
635 1159 704 1215 de
734 1156 975 1214 Naturae
1016 1158 1285 1215 hnmanae
1308 1156 1598 1214 imbecilli-

62 1255 127 1307 ite
154 1254 337 1306 actum
366 1251 469 1319 est,
498 1261 643 1304 nunc
684 1244 767 1301 de
806 1245 1099 1302 Gratiae
1125 1245 1437 1302 Divinae
1476 1244 1600 1302 Au-

66 1337 193 1394 ilio
222 1335 519 1392 dicendum
549 1335 673 1406 erit,
702 1333 859 1404 quus
886 1333 1158 1389 defectmn
1188 1332 1457 1402 objiciunt
1486 1334 1603 1388 An·

62 1426 335 1496 agonistae,
366 1427 431 1480 ut
456 1437 649 1478 rursus
676 1423 895 1494 culpam
924 1419 995 1476 ab
1024 1420 1247 1476 homine
1276 1423 1606 1476 transferant

62 1529 75 1567 ι
111 1513 310 1568 Deum.
399 1510 619 1583 Duplex
668 1514 853 1565 autem
902 1507 1117 1580 concipi
1158 1507 1351 1564 Gratia
1389 1512 1600 1581 potest·
1583 1543 1601 1578 ,

62 1615 123 1655 na
180 1598 457 1656 sufficiens
521 1595 755 1670 volenti,
816 1595 991 1652 altera
1050 1600 1335 1668 praestans
1398 1598 1457 1651 ut
1512 1611 1604 1652 ve-

62 1701 187 1742 tnus.
278 1717 288 1728 ·
511 1727 519 1733 .

107 1774 249 1828 110.
296 1769 795 1828 sufficientem
836 1769 1111 1827 volenti
1152 1770 1466 1826 Gratiam
1509 1786 1604 1826 ne-

62 1859 149 1916 uini
200 1859 393 1928 negari
446 1858 734 1916 dicendum
782 1861 881 1912 est.
972 1857 1213 1914 Facienti
1252 1857 1404 1929 quod
1442 1858 1503 1914 in
1544 1872 1603 1912 se

62 1951 108 2018 st,
142 1963 261 2003 non
290 1947 477 2002 defore
503 1945 753 2000 Gratiam
780 1944 1159 2016 necessariam,
1194 1949 1365 2017 vetus,
1396 1944 1601 2002 dictum

62 2039 93 2089 :t
108 2076 125 2106 ,
172 2051 281 2090 nec
310 2035 459 2088 Deus
492 2032 695 2086 deserit
724 2031 831 2086 nisi
858 2031 1227 2103 deserentem,
1258 2035 1323 2086 ut
1350 2037 1479 2102 post
1505 2049 1602 2088 an-

62 2123 279 2194 {uim-es
342 2117 559 2174 notavit
606 2118 729 2188 ipse
777 2116 1129 2185 Augustinus.
1231 2117 1423 2173 Gratia
1472 2119 1605 2173 haec

62 2209 287 2264 fficiens
338 2210 423 2260 est
474 2203 563 2259 vel
614 2202 896 2260 ordinaria
936 2219 1037 2276 per
1082 2201 1311 2258 verbum
1338 2207 1395 2258 et
1424 2219 1605 2259 sacra·

62 2299 229 2363 enta-5
284 2293 375 2348 vel
400 2290 867 2363 extraordinaria,
918 2290 1039 2348 Deo
1068 2289 1413 2365 reliquenda,
1455 2290 1606 2362 quali

62 2397 135 2452 ga
164 2381 406 2436 Paulum
434 2383 519 2434 est
544 2394 689 2434 usus.

98 2471 129 2524 1
147 2469 175 2523 1
194 2469 223 2522 1
236 2507 251 2522 .
308 2465 428 2522 Etsi
479 2464 629 2520 enim
676 2464 837 2520 multi
876 2463 1066 2534 populi
1094 2478 1373 2535 nunquam
1403 2463 1607 2531 sal-uta-

62 2571 123 2612 m
152 2553 363 2610 Christi
390 2551 698 2608 doctrinam
726 2549 1060 2623 acceperint,
1098 2565 1201 2606 nec
1239 2550 1504 2606 credibile
1532 2551 1606 2606 sit

62 2641 481 2699 aedicationem
521 2639 640 2709 ejus
677 2638 825 2711 apud
863 2651 1052 2692 omues
1090 2638 1289 2708 quibus
1326 2637 1502 2694 defuit
1529 2637 1602 2692 ir·

62 2735 171 2788 tam
202 2731 450 2784 suturam
482 2727 680 2800 fuisse,
708 2724 925 2782 Christo
953 2723 1079 2797 ipso
1110 2724 1179 2780 de
1206 2723 1445 2780 Sodoma
1472 2741 1603 2781 con·

62 2818 243 2872 arium
285 2816 623 2870 affirmante:
676 2829 789 2870 non
837 2810 965 2867 ideo
1015 2817 1203 2868 tamen
1252 2827 1470 2867 necesse
1519 2814 1604 2867 est

62 2909 105 2963 it
132 2903 343 2960 salvari
370 2903 611 2975 aliquem
641 2901 759 2957 sine
788 2899 1021 2971 Christo,
1054 2906 1150 2956 aut
1178 2899 1458 2968 damnari,
1501 2899 1603 2953 etsi

62 2992 375 3049 aestitisset
412 2988 670 3062 quicquid
711 3004 808 3062 per
836 2992 1091 3043 naturam
1124 2989 1324 3059 potest.
1413 2986 1604 3056 Neque

62 3081 153 3137 iim
184 3078 359 3135 nobis
388 3094 577 3134 omnes
610 3076 729 3132 viae
758 3076 863 3131 Dei
892 3074 1215 3146 exploratae
1242 3077 1396 3144 sunt,
1427 3086 1603 3144 neque

62 3168 209 3223 imus
249 3182 327 3221 an
361 3181 469 3222 non
500 3164 709 3236 aliquid
738 3162 1176 3219 extraordinaria
1204 3161 1421 3217 ratione
1448 3176 1605 3233 prae·

62 3260 177 3311 etur
221 3252 313 3308 vel
360 3251 659 3309 morituris-
749 3251 861 3306 Pro
903 3254 1054 3306 certo
1106 3249 1253 3307 enim
1302 3247 1601 3303 tenendum

62 3348 111 3413 t,
155 3342 343 3397 etiam
372 3338 611 3396 Cornelii
639 3336 925 3410 exemplo,
965 3336 1015 3389 si
1044 3335 1139 3407 qui
1166 3340 1438 3407 ponantur
1468 3335 1606 3390 bene

64 3430 83 3486 i
114 3429 337 3485 lumine
370 3426 518 3500 quod
546 3442 817 3498 accepere,
850 3424 931 3479 eis
958 3422 1145 3477 datum
1177 3423 1246 3477 iri
1280 3423 1465 3477 lumen
1493 3437 1603 3493 quo

62 3516 275 3589 digent,
322 3514 481 3587 quod
518 3513 762 3571 nondum
802 3525 1057 3581 accepere
1070 3548 1087 3582 ,
1128 3508 1344 3565 etiamsi
1383 3508 1439 3563 in
1481 3508 1605 3581 ipso

62 3606 195 3661 ortis
227 3602 479 3661 articulo
508 3600 753 3657 dandum
782 3602 941 3654 esset.

90 3693 119 3747 1
137 3692 235 3747 12.
293 3688 785 3756 Quemadmodum
834 3686 985 3741 enim
1034 3682 1299 3752 Theologi
1338 3682 1608 3753 Augusta-

62 3795 99 3833 ιο
128 3778 525 3837 confessionis
565 3775 728 3832 fidem
769 3774 1011 3845 aliquam
1049 3774 1352 3842 agnoscunt
1389 3770 1447 3825 in
1474 3770 1607 3825 iide-

62 3882 133 3921 im
180 3864 507 3923 infantibus
558 3862 833 3935 baptismo
876 3858 1113 3929 ablutis,
1166 3858 1273 3915 etsi
1310 3857 1463 3913 nulla
1490 3858 1611 3928 ejus

62 3959 304 4027 pareant
362 3950 631 4021 vestigia3
681 3950 762 4004 ita
802 3946 945 4003 nihil
981 3946 1255 4017 obstaret,
1308 3946 1487 4000 Deum
1540 3945 1611 4001 iis

62 4042 189 4095 iales
231 4040 519 4109 diximus,
562 4038 689 4093 licet
729 4037 989 4091 hactenns
1032 4050 1145 4088 non
1178 4031 1517 4105 Christiania,
1551 4032 1610 4087 in

62 4144 177 4197 :one
240 4130 375 4203 ipso
444 4126 627 4181 lumen
680 4122 907 4195 aliquod
958 4121 1322 4177 necessarium
1370 4120 1612 4177 tribuere

62 4218 161 4271 :tra
202 4217 499 4286 ordinem,
538 4210 692 4284 quod
731 4226 842 4283 pen
870 4223 1093 4267 omnem
1122 4208 1297 4265 vitam
1324 4211 1490 4309 antea
1517 4205 1612 4264 de·

62 4301 211 4359 isset.

94 4392 123 4445 1
140 4388 486 4459 13.1taque
512 4385 681 4442 etiam
732 4371 796 4437 οἱ
824 4372 965 4448 ἔξω,
1010 4382 1213 4456 quibus
1251 4382 1372 4439 sola
1400 4380 1613 4454 praedi·

63 4476 145 4533 tio
198 4480 443 4533 externa
496 4476 693 4545 negata
730 4474 843 4543 est,
894 4470 1233 4527 clementiae·
1252 4468 1613 4541 justitiaeque

62 4565 283 4621 .·eatoria
326 4558 674 4632 relinquendi
700 4563 862 4626 sonte,
912 4557 1021 4613 etsi
1070 4558 1373 4613 nesciamus
1411 4556 1611 4630 quibus

62 4655 97 4706 it
123 4666 377 4723 quanam
408 4650 551 4704 rorte
578 4646 793 4704 ratione
818 4632 971 4701 Deus
996 4648 1291 4702 succurrat.

96 4739 247 4795 114.
294 4736 413 4793 Sed
447 4750 573 4792 enm
614 4734 811 4816 saltem
860 4736 1071 4789 certum
1108 4732 1183 4788 sit
1210 4746 1321 4789 non
1350 4731 1611 4789 omnibus

62 4826 123 4879 tri
154 4826 395 4897 ipsam
424 4821 715 4878 volendi
744 4820 1071 4891 gratiam,
1114 4818 1441 4892 praesertim
1466 4833 1613 4890 quae

62 4912 145 4969 liri
174 4914 293 4969 fine
320 4914 645 4967 coronetur:
676 4908 765 4965 hic
787 4907 913 4976 jam
942 4908 1001 4963 in
1025 4908 1147 4964 Deo
1174 4907 1263 4965 vel
1283 4906 1611 4963 misanthro-

62 5014 149 5055 ιω
194 4999 291 5057 vel
343 5002 495 5055 cei-te
534 4994 1003 5071 prosopolepsiam
1042 4999 1275 5066 arguunt
1310 4994 1610 5053 adversarii

1683 562 1789 620 que
1821 561 1936 606 non
1964 562 2118 603 omes
2143 549 2338 622 salvet,
2365 565 2490 606 cum
2518 551 2714 627 possit,
2741 557 2842 610 aut
2866 559 3012 612 certe
3037 571 3156 616 non
3175 561 3274 619 eli·

1682 639 1779 706 gat
1806 639 2090 690 merentes.

1779 722 1921 778 115.
1951 721 2024 777 Et
2051 737 2211 795 sane,
2244 722 2294 778 si
2323 723 2474 780 Deus
2501 724 2806 782 maximam
2833 726 3120 788 hominum
3147 749 3276 806 par·

1682 811 1797 864 tem
1837 808 1964 865 ideo
2000 813 2216 864 tantum
2244 814 2510 884 creasset,
2550 815 2616 869 ut
2641 817 2864 869 aeterna
2893 809 3086 875 eorum
3115 821 3274 880 maii-

1683 895 1764 952 tia
1791 896 2118 967 miseriaque
2139 895 2390 965 justitiae
2419 897 2528 954 sibi
2557 900 2792 968 gloriam
2821 902 3148 964 vindicaret:
3179 925 3273 966 ne-

1683 997 1791 1054 que
1812 983 2032 1040 bonitas
2057 983 2119 1038 in
2147 1000 2232 1056 eo,
2264 999 2440 1057 neque
2465 987 2757 1063 sapientia,
2789 1004 2966 1064 neque
2993 993 3116 1066 ipsa
3141 1012 3274 1056 vera

1678 1069 1900 1140 justitia
1928 1070 2137 1126 laudari
2167 1076 2367 1142 posset.

1783 1158 1811 1212 1
1828 1159 1924 1214 16.
1953 1158 2027 1214 Et
2055 1158 2258 1214 frustra
2285 1158 2582 1234 regeritur,
2627 1177 2730 1218 nos
2759 1163 2908 1236 apud
2937 1181 3064 1224 eum
3093 1169 3272 1246 nihili,

1685 1261 1787 1302 nec
1817 1245 1993 1318 pluris
2023 1260 2190 1318 quam
2219 1246 2502 1302 vermiculi
2530 1247 2680 1320 apud
2719 1266 2824 1306 nos
2863 1268 3007 1308 esse.
3047 1271 3276 1314 excusa

1686 1332 1767 1388 tio
1794 1331 1944 1388 enim
1970 1333 2078 1388 ista
2103 1348 2218 1388 non
2247 1333 2546 1409 minueret,
2590 1335 2690 1392 sed
2717 1344 2938 1408 augeret
2957 1341 3276 1419 duritatem,

1688 1420 1845 1476 omni
1885 1419 2074 1492 utique
2102 1416 2513 1494 philanthropia
2563 1421 2807 1496 sublata,
2858 1425 2908 1480 si
2947 1442 3062 1484 non
3099 1433 3303 1504 magis-

1686 1508 1835 1564 Deus
1865 1506 2152 1564 hominum
2182 1523 2372 1564 curam
2409 1514 2649 1584 gereret,
2681 1524 2848 1582 quam
2876 1527 2980 1568 nos
3011 1519 3278 1576 vermicu·

1688 1596 1901 1668 lorum,
1953 1609 2093 1666 quos
2141 1611 2332 1653 curare
2360 1612 2459 1654 nec
2495 1613 2816 1670 possumus,
2867 1615 2968 1656 nec
3023 1603 3282 1662 volumus

1688 1683 1791 1738 Dei
1829 1698 1962 1738 vero
2011 1681 2414 1755 providentiam
2453 1682 2590 1742 nihil
2630 1686 2931 1756 exiguitate
2969 1704 3071 1746 sua
3106 1689 3282 1766 latet„

1686 1775 1786 1826 aut
1815 1769 2167 1826 multitudine
2182 1771 2497 1843 confundit3
2520 1773 2858 1845 passerculos
2879 1775 2998 1847 alit,
3025 1777 3280 1836 homines

1685 1861 1868 1929 amat,
1921 1857 2033 1912 illis
2061 1857 2132 1912 de
2161 1859 2306 1914 victu
2336 1859 2628 1948 prospicit,
2681 1859 2796 1936 his,
2837 1865 3148 1934 quantum
3131 1881 3194 1922 m
3219 1883 3282 1924 se

1684 1950 1797 2020 est,
1825 1943 2140 2001 felicitatem
2170 1948 2347 2018 parat.

1784 2031 1815 2086 1
1830 2031 1925 2088 17.
1971 2031 2130 2094 Quod
2170 2031 2220 2088 si
2265 2030 2390 2103 quis
2425 2032 2642 2101 longius
2669 2037 2962 2105 provectus
2991 2037 3282 2097 contende·

1687 2121 1806 2191 ret,
1836 2120 1954 2172 tam
1975 2116 2214 2173 solutam
2245 2134 2364 2178 esse
2385 2119 2489 2174 Dei
2518 2123 2863 2191 potestatem,
2895 2127 3010 2178 tam
3030 2130 3284 2186 exortem

1692 2203 1914 2274 regulae
1954 2203 2406 2276 gubernationem
2420 2243 2438 2278 ,
2479 2207 2542 2260 ut
2579 2205 2930 2264 innocentem
2968 2225 3186 2284 quoque
3224 2218 3282 2271 et

1691 2290 1915 2362 quidem
1949 2288 2075 2358 jure
2117 2291 2372 2362 damnet3
2413 2290 2537 2359 jam
2565 2306 2676 2348 non
2705 2301 2966 2368 apparet,
3016 2303 3112 2356 aut
3142 2315 3284 2372 quae

1692 2377 1837 2450 apud
1879 2377 2059 2433 Deum
2087 2379 2232 2434 foret
2251 2377 2472 2447 justitia
2485 2417 2502 2452 ,
2555 2384 2651 2435 aut
2679 2379 2814 2452 quid
2863 2399 2900 2438 a
2937 2385 3086 2441 malo
3123 2387 3284 2444 Prin·

1688 2464 1835 2536 cipio
1865 2480 2050 2520 rerum
2089 2465 2336 2537 potiente
2361 2465 2593 2523 distaret
2621 2467 2746 2524 talis
2776 2467 3033 2528 Universi
3061 2471 3283 2548 Rector,

1689 2551 1777 2606 cui
1828 2550 1998 2606 etiam
2059 2552 2259 2609 merito
2307 2552 2840 2628 Misanthropia
2900 2563 2958 2614 et
3006 2558 3286 2631 Tyrannia

1688 2639 2036 2694 tribueretur.

1787 2724 1928 2780 118.
1967 2726 2127 2782 Hunc
2164 2726 2314 2782 enim
2342 2727 2522 2783 Deum
2550 2728 2866 2786 timendum
2906 2731 2981 2790 ob
3011 2734 3284 2807 magnitu-

1690 2812 1908 2884 dinem,
1959 2811 2059 2867 sed
2109 2828 2221 2870 non
2271 2813 2571 2870 amandum
2620 2816 2694 2873 ob
2746 2818 3057 2876 bonitatem
3106 2823 3286 2880 mani-

1690 2901 1894 2955 festum
1925 2900 2085 2956 soret.
2175 2899 2336 2955 Certe
2367 2900 2683 2969 tyrannicos
2711 2908 2866 2960 actus
2894 2921 3009 2963 non
3035 2923 3287 2968 amorem

1688 2986 1785 3043 sed
1824 2986 2016 3041 odium
2055 2986 2294 3041 excitare
2321 2990 2566 3060 constat,
2611 2994 3027 3064 quantacunque
3063 2995 3141 3052 sit
3183 3012 3284 3068 po-

1688 3073 1858 3129 tentia
1887 3074 1948 3127 in
1975 3076 2200 3145 agente,
2232 3073 2348 3129 imo
2379 3078 2536 3129 tanto
2565 3076 2740 3145 magis
2767 3084 2976 3150 quanto
3005 3082 3136 3137 haec
3165 3099 3287 3141 ma·

1680 3161 1777 3231 jor
1817 3165 1933 3231 θεὶς
1996 3160 2104 3217 etsi
2155 3159 2650 3219 demonstrationes
2701 3164 2816 3221 odii
2869 3171 3024 3225 metu
3071 3184 3176 3245 sup
3209 3170 3286 3227 ri·

1686 3252 1923 3305 mantnt.

1748 3336 1813 3400 1
1833 3336 1860 3391 1
1873 3335 1930 3389 9.
1971 3334 2045 3391 Et
2079 3334 2334 3392 homines
2361 3337 2531 3393 talem
2561 3337 2864 3397 Dominum
2891 3342 3132 3399 colentes
3159 3343 3288 3402 imi·

1690 3423 1901 3479 tatione
1930 3422 2048 3493 eJus
2088 3439 2124 3479 a
2149 3424 2380 3479 caritate
2419 3425 2492 3480 ad
2519 3423 2776 3483 duritiem
2805 3428 3288 3505 crudelitatemque

1690 3516 2141 3583 provocarentur.
2217 3511 2412 3583 ltaque
2439 3514 2586 3569 male
2615 3514 2836 3587 quidam
2867 3522 3159 3587 praetextu
3187 3519 3289 3577 ab·

1692 3597 1859 3653 soluti
1887 3598 1950 3652 in
1977 3597 2097 3653 Deo
2120 3596 2264 3665 juris
2291 3599 2426 3653 talia
2465 3598 2518 3655 ei
2560 3606 2684 3657 acta
2727 3603 3060 3695 tribuerunt³
3103 3610 3166 3661 ut
3205 3610 3289 3663 fa-

1694 3685 1799 3741 teri
1827 3688 2148 3755 cogerentur
2167 3684 2448 3741 hominem
2478 3685 2528 3741 si
2555 3688 2634 3742 sic
2653 3694 2839 3757 ageret
2859 3692 3092 3761 poesime
3110 3692 3286 3749 sactu·-

1693 3787 1817 3827 rum
1839 3788 1985 3827 esse:
2027 3770 2490 3842 quemadmodum
2517 3776 2576 3827 et
2602 3775 2882 3831 nonnullis
2902 3776 3150 3849 elapsum
3181 3783 3286 3853 est,

1694 3874 1835 3931 quae
1863 3858 1923 3913 in
1953 3858 2078 3913 aliis
2107 3872 2278 3928 prava
2305 3857 2443 3930 sint,
2471 3858 2534 3914 in
2561 3858 2681 3917 Deo
2708 3876 2825 3917 non
2854 3864 2991 3936 fore,
3021 3866 3154 3935 quia
3171 3866 3288 3940 ,ipsi

1696 3961 1806 4001 non
1834 3944 1908 3999 sit
1935 3945 2030 4000 lex
2060 3944 2255 4016 posita.

1792 4031 1938 4088 120.
1979 4032 2167 4103 Longe
2195 4032 2307 4089 alia
2335 4048 2438 4089 nos
2467 4032 2538 4089 de
2563 4033 2687 4089 Deo
2709 4034 2930 4091 credere
2957 4037 3127 4110 ratio,
3169 4038 3287 4112 pie·

1698 4124 1811 4191 tas,
1856 4120 2004 4177 Deus
2024 4119 2237 4186 jubent.
2326 4120 2552 4176 Summa
2583 4120 2645 4177 in
2683 4120 2783 4177 illo
2810 4123 3118 4197 Sapientia,
3159 4138 3288 4185 cum

1698 4208 1944 4263 maxima
1983 4208 2238 4264 Bonitate
2277 4206 2594 4281 conjuncta,
2647 4208 2782 4263 facit
2817 4215 2880 4266 ut
2921 4212 3289 4271 abundantis-

1698 4295 1837 4351 sime
1870 4293 2155 4368 justitiae,
2196 4296 2516 4368 aequitatis,
2559 4295 2884 4368 virtutisque
2923 4300 3071 4369 leges
3105 4304 3290 4357 servet

1697 4386 1763 4439 ut
1800 4382 2052 4439 omnium
2081 4398 2268 4440 curam
2307 4383 2536 4453 habeat,
2575 4382 2670 4439 sed
2703 4385 2946 4441 maxime
2983 4387 3290 4459 intelligen-

1698 4471 1839 4527 tium
1858 4474 2248 4543 creaturarum,
2259 4486 2394 4541 quas
2417 4470 2489 4527 ad
2510 4470 2808 4539 imaginem
2829 4472 3076 4531 condidit
3095 4490 3256 4533 suam
3265 4486 3285 4545 3

1696 4563 1755 4615 et
1790 4559 1857 4613 ut
1882 4561 2098 4613 tantum
2126 4557 2405 4616 felicitatis
2433 4556 2758 4630 virtutisque
2787 4560 3079 4633 producat,
3119 4546 3287 4633 quin-

1698 4652 1818 4701 tum
1881 4643 2032 4718 capit
2081 4644 2358 4717 optimum
2407 4644 2693 4718 exemplar
2744 4648 2984 4707 universi
3011 4688 3028 4721 ,
3088 4648 3287 4705 vitium

1697 4736 1886 4789 autem
1922 4732 2312 4804 miseriamque
2349 4748 2460 4790 non
2487 4732 2598 4789 alia
2624 4732 2912 4810 admittat,
2951 4749 3120 4807 quam
3147 4749 3288 4808 quae

1697 4819 1757 4877 in
1784 4819 2002 4891 optima
2029 4818 2174 4877 serie
2199 4820 2420 4877 admitti
2449 4820 2794 4891 exigebatur.

1793 4906 1936 4963 124.
1976 4906 2050 4965 Et
2087 4907 2218 4965 licet
2253 4924 2388 4983 prae
2414 4908 2542 4981 ipso
2567 4908 2692 4964 Deo
2729 4906 2942 4963 infinito
2981 4922 3092 4965 noe
3127 4906 3288 4965 nihili

1696 4992 2010 5070 videamur,
2053 4994 2163 5057 hoc·
2195 4996 2380 5069 ipuum
2421 5000 2608 5053 umen
2651 4992 2900 5053 munim
2923 4991 3044 5065 eius
3071 4992 3286 5071 sapien·
