3717 5850
1614 463 1772 552 LI.

1183 636 2230 729 EPISTOLA

645 824 862 944 DE
953 825 1471 951 REBUS
1564 792 2746 955 PHILosoPfflcls

1097 1047 1225 1103 AD
1292 1048 1570 1107 FRED.
1637 1050 2299 1110 HOFFMANUM.

1421 1382 1961 1474 1699.

71 1747 454 1813 (noir-anni
479 1753 871 1809 app-uenena.
894 1748 1046 1798 1²4⁰.
1081 1753 1333 1810 supplem.
1355 1754 1476 1799 'rom
1502 1753 1549 1799 1.
1586 1752 1742 1811 μω.
1779 1774 1852 1787 —-
1886 1756 2096 1803 Lelbn.
2134 1757 2257 1813 epp.
2292 1756 2368 1801 ed.
2402 1756 2646 1803 nutans
2682 1758 2817 1805 Tam.
2848 1760 2909 1807 11.
2946 1763 3003 1809 Ρ.
3027 1764 3072 1810 1.
3110 1776 3157 1821 p.
3178 1762 3323 1821 26⁰)

1487 1944 1909 1952 -.ο-...ψ-

137 2049 512 2106 Doctissimae
557 2053 615 2105 et
644 2046 840 2119 judicii
871 2065 986 2105 non
1013 2048 1196 2105 minus
1211 2090 1229 2125 ,
1273 2067 1441 2124 quam
1479 2069 1644 2127 expe*
1688 2064 1695 2147 j
1745 2066 1913 2125 quam
1942 2050 2012 2107 de
2040 2048 2325 2125 spiritibus
2354 2050 2469 2109 sive
2497 2052 2775 2109 mentibus
2804 2053 2941 2112 nihil
2967 2058 3054 2115 hic
3084 2076 3325 2134 pronun-

71 2138 282 2196 rientiae
312 2142 449 2195 tuae
467 2154 583 2194 non
604 2138 840 2210 vulgaris
861 2142 1042 2213 testae,
1073 2138 1495 2197 Dissertationae
1515 2145 1643 2199 tuae
1688 2183 1694 2238 ς
1741 2142 1889 2197 ciare
1914 2140 2119 2211 ausim,
2164 2139 2434 2242 quomam
2455 2140 2666 2214 legibus
2694 2141 3105 2204 sublimioribus
3128 2167 3326 2251 regun-

68 2230 634 2389 ᾘέιῖιέῗέἓὲἷῗ
652 2227 982 2389 αῗῗιᾙ
1007 2227 1644 2391 ἱῖἒῑὲξᾛᾚῖ
1744 2234 1835 2374 ἓίῗ
1844 2231 1962 2390 1115ss
1984 2229 3325 2391 fflpsnssffifflufffflmffiffiss

70 2422 220 2507 agam.
255 2406 640 2507 deheamque,
683 2404 882 2460 vellem
923 2409 982 2460 et
1009 2407 1210 2507 referre
1239 2424 1415 2479 posse.
1441 2496 1454 2509 ·
1501 2408 1644 2464 Mihi
1689 2383 1694 2503 ᾗ
1744 2411 1931 2464 autem
1951 2408 2113 2507 Deus
2122 2406 2179 2463 id
2182 2406 2453 2551 fflet
2470 2410 3045 2553 cunfftmvgufifflibu?
3064 2415 3323 2489 universi,

71 2590 118 2638 et
159 2495 562 2685 meadzffoqqe
597 2494 1298 2685 seffgermgirtaiejnutzffi
1326 2502 1644 2687 rgcrqtlssffllmifi:
1689 2513 1694 2611 Ι
1744 2600 1842 2658 per
1880 2499 2935 2686 mangttnosubstantialaemnientesmggo
2961 2520 3323 2693 sempera&

73 2671 894 2834 fflffpssfflsimgfflmoe’
900 2675 1646 2836 ‘ffifflff‘ifflss
1743 2672 3320 2846 ffisfflffloeffissffiffifflffifflnssfflffi

73 2851 326 2923 principia
355 2848 710 2906 mechanismi
739 2849 1014 2921 generalia
1032 2865 1105 2905 ex
1125 2850 1322 2907 altiore
1343 2853 1496 2909 fonte
1515 2868 1644 2925 pro-
1689 2849 1695 2902 ἱ
1743 2866 1780 2907 a
1807 2854 1863 2906 te
1892 2850 2167 2923 eleganter
2192 2850 2467 2923 adhibito,
2508 2855 2647 2908 utar.
2736 2853 2999 2928 Optarem
3018 2856 3141 2928 jam
3169 2859 3322 2916 viros
3394 2890 3403 2897 -

77 2941 246 3010 fluere,
276 2940 427 3010 quod
457 2939 562 2996 tibi
583 2953 816 3013 quoque,
845 2937 905 2994 ni
926 2939 1104 3012 fallor,
1134 2940 1414 3014 probatur.
1459 2941 1642 3007 Quan-
1687 2907 1694 3037 ξ
1741 2941 2049 3014 praeclaros
2086 2939 2149 2996 in
2188 2940 2561 2998 mechanismo
2580 2947 2809 3000 naturae
2835 2945 3161 3018 explicando
3188 2965 3323 3022 pau·

77 3031 190 3082 tum
227 3028 392 3082 etiam
432 3027 593 3101 capio
635 3028 704 3084 de
741 3027 1112 3126 controversia
1137 3028 1283 3088 inter
1322 3031 1430 3086 Dn.
1459 3031 1641 3086 Stur-
1739 3028 1899 3086 latim
1926 3027 2179 3104 progredi
2205 3028 2423 3102 longius
2450 3034 2509 3085 et
2532 3028 2663 3086 date
2692 3047 2918 3104 operam
2944 3050 3059 3090 non
3078 3036 3319 3112 quidem,

75 3116 268 3172 mium
303 3121 364 3172 et
391 3132 486 3172 me
522 3116 822 3173 rectissime
841 3116 1086 3189 Judicas,
1126 3121 1182 3172 et
1209 3118 1640 3176 substantialita·
1740 3121 1832 3190 ut,
1877 3133 2033 3174 more
2061 3117 2532 3192 Car-tesianorum,
2564 3119 2752 3176 omnia
2780 3121 2968 3180 statim
2994 3141 3094 3197 per
3118 3127 3323 3184 saltum

78 3210 176 3260 tem
201 3222 416 3262 massae
435 3221 729 3278 corporeae
749 3205 957 3279 optime
977 3204 1210 3262 collocas
1231 3207 1292 3262 in
1313 3208 1370 3264 vi
1391 3211 1636 3281 extensa,

77 3295 168 3350 hoc
193 3299 290 3368 est,
323 3299 390 3350 ut
418 3295 778 3369 interpretor,
809 3311 908 3366 per
937 3294 1118 3350 locum
1145 3295 1364 3370 (Effusa,
1395 3313 1488 3352 seu
1516 3313 1640 3371 par-

77 3383 220 3438 tibili.
305 3385 518 3439 Tecum
545 3383 714 3439 etiam
741 3382 936 3456 sentio,
977 3383 1034 3438 id
1061 3385 1208 3456 quod
1236 3385 1514 3459 passivum
1539 3389 1641 3458 est,

76 3489 344 3545 nunquam
395 3473 576 3528 solum
625 3472 878 3545 reperiri,
931 3476 1028 3530 aut
1077 3489 1174 3545 per
1223 3491 1282 3530 se
1329 3475 1639 3532 subsistere.

76 3561 288 3620 Pulchre
325 3565 512 3618 autem
554 3564 714 3618 notas
751 3561 810 3616 in
847 3576 998 3617 mere
1033 3561 1252 3634 passivo
1288 3563 1498 3618 nullam
1525 3580 1644 3620 esse

79 3656 248 3706 motus
311 3650 610 3724 recipiendi
682 3649 1059 3722 retinendique
1122 3649 1490 3708 habilitatem:
1564 3656 1639 3725 et,

76 3739 286 3794 ademta
324 3739 488 3796 rebus
528 3739 587 3795 vi
623 3739 820 3812 agendi
833 3779 850 3812 ,
894 3755 1010 3794 non
1057 3755 1218 3811 posse
1257 3756 1350 3794 eas
1392 3756 1428 3796 a
1455 3739 1644 3798 divina

77 3827 372 3884 substantia
417 3828 712 3901 distingui,
776 3827 1047 3900 incidique
1104 3827 1165 3882 in
1224 3827 1643 3901 Spinosismum.

78 3916 332 3972 Vicissim
367 3919 570 3974 nullam
609 3915 731 3972 dari
766 3907 1070 3973 creaturam
1095 3931 1244 3974 mere
1272 3916 1536 3993 activam,
1575 3935 1645 3976 eo

79 4005 246 4060 etiam
285 4010 453 4062 tecum
488 4005 724 4079 inclino,
769 4009 834 4062 ut
873 4022 988 4062 non
1014 4007 1256 4062 humano
1285 4010 1502 4062 tantum
1527 4023 1642 4063 cor·

79 4094 220 4166 pori,
263 4095 356 4150 sed
391 4099 451 4152 et
475 4094 602 4150 aliis
631 4094 948 4167 corporibus
974 4094 1242 4167 organicis
1271 4095 1516 4152 animam
1542 4096 1645 4152 im-

79 4183 420 4256 materialem,
449 4187 546 4238 aut
573 4183 780 4256 aliquid
807 4185 1100 4256 analogum
1127 4183 1346 4240 animae
1374 4183 1642 4242 tribuam:

81 4270 170 4326 hoc
204 4289 372 4328 unum
411 4276 628 4328 tantum
665 4272 902 4333 addens:
943 4272 1118 4328 videri
1145 4289 1368 4344 qmnem
1398 4273 1645 4330 substan-

81 4359 202 4416 tiam
233 4361 581 4418 inextensam
593 4402 612 4434 ,
651 4378 750 4418 seu
786 4361 1089 4434 simplicem
1128 4366 1280 4418 ort-us
1305 4365 1363 4418 et
1387 4361 1644 4419 interitus

81 4449 274 4519 physici
316 4453 602 4522 expertem
629 4467 774 4523 esse,
815 4465 920 4506 nec
957 4449 1070 4506 nisi
1096 4450 1369 4507 creatione
1395 4450 1528 4507 oriri
1555 4452 1642 4507 vel

83 4538 462 4595 annihilatione
499 4539 703 4594 destini
731 4555 906 4612 posse.
994 4539 1108 4595 Nec
1147 4538 1352 4595 mirum
1387 4538 1644 4612 cuiquam

85 4625 238 4682 videri
283 4627 478 4699 debet,
529 4627 818 4684 animabus
856 4627 896 4684 i.
937 4643 985 4684 e.
1029 4627 1170 4684 veris
1211 4626 1411 4684 atomis
1452 4627 1640 4700 tribui,

85 4716 213 4784 quod
253 4716 607 4774 Deruocritici
645 4717 758 4772 suis
795 4717 995 4773 atomis
1034 4715 1408 4772 materialibus
1446 4717 1647 4772 adscri-

87 4801 228 4859 bunt.
313 4806 462 4870 Quin
501 4804 796 4862 verisimile
833 4805 1099 4879 arbitror,
1141 4821 1257 4861 non
1285 4809 1502 4860 tantum
1527 4804 1649 4861 ani-

1739 3207 1810 3263 ad
1839 3207 2019 3279 prima
2046 3204 2339 3281 principia,
2371 3207 2835 3283 magnitudinem,
2862 3209 3093 3284 figuram
3121 3218 3179 3270 et
3204 3229 3323 3272 mo-

1740 3299 1860 3355 uun
1889 3296 2167 3367 reducant,
2198 3295 2346 3368 quod
2373 3295 2491 3352 fieri
2518 3313 2553 3352 a
2580 3297 2743 3354 nobis
2768 3299 2979 3374 nequit,
3008 3301 3103 3358 sed
3132 3306 3195 3359 ut
3222 3320 3321 3376 per

1743 3385 1941 3458 gradus
1978 3388 2234 3441 revocent
2268 3385 2577 3458 composita
2611 3387 2685 3444 ad
2724 3387 2994 3462 simplicia
3030 3394 3088 3447 et
3123 3391 3321 3465 princi-

1743 3473 1849 3546 piis
1879 3475 2150 3547 propiora.
2195 3474 2283 3530 Sic
2312 3474 2511 3531 iridem
2538 3474 2679 3532 bene
2704 3477 3057 3552 explicamus,
3089 3480 3137 3534 si
3158 3496 3321 3552 quae·

1743 3561 1875 3618 dam
1902 3562 2046 3619 circa
2076 3562 2251 3618 lucem
2282 3567 2339 3618 et
2359 3564 2569 3620 colores
2590 3563 2921 3637 inexplicata
2941 3568 3319 3626 adsumamus:

1743 3649 1824 3706 ita
1853 3650 2135 3725 supposita
2161 3651 2430 3722 gravitate
2457 3655 2515 3708 et
2542 3652 2597 3708 vi
2624 3653 2875 3727 elastica,
2920 3656 3156 3726 plurima
3184 3660 3319 3714 olim

1743 3739 2015 3813 explicui,
2052 3739 2157 3795 etsi
2194 3739 2335 3796 circa
2376 3740 2574 3796 horum
2610 3741 2845 3798 duorum
2872 3758 3089 3798 caussas
3115 3744 3321 3818 litigari

1743 3827 1919 3884 adhuc
1956 3831 2135 3900 queat.
2221 3827 2309 3884 Sic
2336 3828 2504 3884 laudo
2531 3828 2797 3885 chemicos
2810 3869 2827 3900 ,
2846 3831 3169 3890 ,reducentes
3198 3835 3321 3906 plu-

1742 3915 1887 3972 rima
1906 3917 1979 3972 ad
2006 3913 2273 3988 principia
2300 3916 2646 3989 secundaria,
2690 3917 2857 3974 modo
2884 3918 2996 3974 illis
3022 3924 3195 3976 certas
3221 3922 3322 3979 ad-

1743 4004 1959 4078 signent
1987 4003 2269 4076 notiones,
2310 4021 2410 4060 nee
2438 4009 2503 4060 ut
2528 4005 2645 4060 fieri
2671 4007 2877 4078 passim
2905 4007 3095 4082 video,
3140 4011 3321 4067 verbis
3406 4067 3415 4074 ,

1745 4093 1898 4166 vagis
1934 4097 1993 4150 et
2028 4092 2287 4165 speciosis
2324 4092 2558 4150 nimium
2596 4094 2805 4151 ludant.
2891 4097 3050 4154 Certe
3088 4097 3322 4155 observo

1743 4185 1800 4236 et
1827 4183 1997 4238 miror
2024 4197 2191 4255 pene,
2221 4185 2357 4253 quot
2384 4187 2629 4240 auctores
2658 4187 2743 4240 tot
2768 4184 3011 4242 diversas
3038 4187 3321 4244 vocabulis

1743 4241 1995 4328 1¹i’5tiones
2046 4270 2234 4328 tribui.
2321 4269 2481 4327 Unde
2530 4275 2781 4344 optarem
2828 4273 3124 4348 aliquando
3162 4277 3317 4350 oriri,

1744 4361 1840 4432 qui
1882 4364 2123 4416 uteretur
2158 4359 2291 4416 solis
2333 4359 2517 4416 verbis
2556 4377 2629 4416 ex
2665 4363 2944 4419 communi
2984 4381 3083 4421 usu
3112 4365 3317 4441 petitis,

1743 4452 1843 4504 aut
1869 4453 2013 4504 certe
2040 4453 2171 4507 ante
2198 4448 2451 4506 definitis.
2495 4449 2657 4514 Quod
2682 4450 2791 4506 nisi
2820 4452 2933 4524 fiat,
2962 4453 3124 4510 video
3150 4455 3321 4512 aetio-

1743 4537 1903 4610 logiis
1931 4537 2189 4595 inanibus
2216 4542 2431 4610 tempus
2458 4538 2629 4610 perdi,
2658 4539 2807 4609 quod
2836 4538 2895 4594 in
2928 4541 3322 4600 observationi-

1745 4626 1849 4683 bus
1889 4631 1946 4683 et
1982 4626 2382 4698 consequentiis
2425 4626 2554 4683 inde
2582 4626 2839 4686 ducendis
2867 4629 3065 4686 rectius
3092 4631 3321 4688 colloca-

1745 4718 1912 4772 retur.
1985 4715 2067 4770 Te
2104 4715 2247 4772 inter
2274 4731 2475 4788 paucos
2504 4715 2665 4772 video
2692 4715 2965 4789 praeclare
2992 4718 3052 4774 in
3080 4718 3139 4776 id
3167 4719 3321 4791 eniti,

1748 4807 1811 4860 ut
1837 4803 2113 4860 intellecta
2140 4803 2304 4860 dicas.
2392 4803 2707 4875 Aliquando
2734 4804 2919 4877 itaque
2946 4823 2981 4862 a
3011 4810 3067 4864 te
3092 4813 3323 4882 expecto

85 4905 245 4966 mam,
297 4895 396 4951 sed
443 4897 504 4951 et
541 4893 748 4952 animal
784 4893 1036 4952 interitus
1075 4910 1299 4966 experS‚
1357 4910 1458 4950 nec
1497 4894 1646 4950 aliud
1747 4891 2017 4966 quaedam
2054 4891 2339 4948 rationalis
2380 4891 2683 4950 medicinae
2718 4894 2988 4950 elementa
3013 4911 3129 4952 non
3158 4895 3323 4952 nimis

85 4997 190 5036 esse
235 4987 466 5040 mortem
479 5023 496 5054 ,
560 4999 726 5056 quam
785 4981 1182 5040 involutionem
1245 4981 1646 5057 diminutivam,
1749 4981 2059 5038 insistentia
2094 4979 2553 5038 intellectualibus
2594 4981 2667 5038 ab
2695 4998 2795 5038 usu
2824 4983 2961 5038 artis
2988 4985 3231 5056 remotis,
3260 4986 3325 5037 ut

87 5073 532 5138 quemadmodum
559 5071 962 5145 generationem
989 5089 1108 5129 esse
1127 5071 1500 5130 evolutionem
1521 5088 1648 5144 aug·
1749 5071 1810 5126 fit
1845 5070 1993 5144 apud
2028 5069 2269 5126 medicos
2311 5069 2670 5143 Cartesianos,
2700 5086 2822 5128 ¹nec
2868 5070 3035 5128 nimis
3064 5072 3327 5142 imagina-

85 5161 439 5235 utenburam,
461 5158 586 5229 jam
613 5161 802 5218 multis
828 5161 962 5218 viris
989 5160 1164 5218 doctis
1195 5161 1387 5234 placet
1445 5161 1650 5226 Quam·-

1751 5159 1921 5216 tionis
1958 5159 2211 5217 ludibriis
2252 5159 2435 5218 adfixa
2449 5202 2465 5234 ,
2519 5163 2583 5214 ut
2614 5159 2728 5214 fieri
2764 5160 2907 5218 solet
2946 5160 3091 5234 apud
3128 5157 3327 5216 chemi-

2508 5246 2585 5302 21
