3717 5850
773 393 1025 457 vam.
1089 351 1200 454 An
1241 396 1378 456 nas
1423 395 1674 455 nosses
1716 398 2119 457 semema
2159 400 2263 458 lx.
2296 428 2367 442 —
2398 388 2527 461 ΧΠ.

35 538 154 596 alis.
207 538 504 595 Abstrabo
531 550 674 594 nunc
701 538 948 595 animum
975 538 1050 596 ab
1078 538 1188 595 alia
1215 538 1456 611 quadam
1484 532 1671 597 aeris

35 626 366 701 asistentia,
395 642 538 700 quae
571 631 674 701 cst,
714 632 778 685 ut
815 628 896 683 sic
937 626 1148 702 dicam,
1202 630 1532 705 respectiva,
1571 635 1670 743 et.J

35 721 166 773 anto
197 716 428 791 major,
465 720 674 789 quanto
712 716 894 787 major
931 716 1178 792 corporis
1215 718 1477 775 celeritas.
1546 669 1670 775 litaJ

35 807 160 865 mim
217 818 514 880 nunquam
568 810 783 863 motum
825 807 994 879 plane
1029 808 1216 879 sistet,
1267 808 1372 863 etsi
1411 822 1628 881 semper

35 896 340 952 mminuat.
403 894 569 962 Quod
585 895 648 950 =si
689 910 960 969 ponamus
999 896 1370 953 vibi-ationem
1407 896 1526 952 fieri
1567 898 1626 955 in

35 1002 203 1059 faeno,
235 984 304 1040 id
341 989 428 1041 est
453 985 514 1040 in
541 977 726 1041 medio
751 982 910 1055 cuius
939 986 1248 1043 resistentia
1277 984 1429 1041 nulla
1455 986 1624 1058 finga-

35 1092 117 1148 nr,
175 1078 360 1131 erunt
397 1078 584 1130 tamen
609 1074 766 1130 aliae
803 1088 1002 1130 causae
1043 1075 1156 1131 vim
1195 1072 1422 1148 penduli
1463 1074 1626 1131 dimi·

35 1168 266 1235 namtas,
317 1162 474 1220 velut
509 1164 690 1219 flexus
727 1164 850 1237 ipse
885 1162 962 1218 tili
976 1204 992 1236 ‚
1025 1164 1120 1237 qui
1147 1163 1626 1237 quantulacunque

35 1360 122 1417 ae,
151 1358 306 1416 quae
331 1342 482 1398 idem
507 1341 766 1416 efficiant,
797 1341 944 1414 quod
971 1343 1118 1399 aeris
1145 1342 1427 1399 tenacitas.

105 1433 231 1490 Non
261 1432 505 1487 memini
533 1430 658 1505 quis
687 1431 760 1487 sit
785 1432 884 1487 illc
911 1432 1264 1488 Antonius
1291 1431 1626 1505 Reginal·

35 1524 140 1580 ius
177 1526 384 1577 contra
423 1536 586 1594 quem
625 1519 1064 1577 dissertationem
1119 1522 1354 1595 primam
1392 1520 1626 1578 Antver·

35 1614 144 1687 piae
183 1611 444 1684 prodisse
493 1612 666 1667 refers
705 1610 776 1666 de
813 1614 1000 1665 niente
1035 1610 1266 1666 Conciti!
1294 1610 1623 1685 Tridentini,

3166 386 3300 461 455

1711 541 2017 599 intentione
2046 541 2168 616 Dei,
2194 541 2289 597 sed
2316 542 2494 599 Deum
2523 560 2595 599 ox
2622 544 2849 601 infinitis
2874 542 3103 601 Mundis
3130 545 3300 619 possi-

1712 630 1921 691 bilibus
1959 632 2231 707 optimum
2272 631 2527 705 elegisse,
2578 634 2835 691 omnibus
2874 634 3300 709 ingredientibus

1709 720 1994 795 spectatis,
2040 720 2223 792 itaque
2250 736 2440 777 revera
2468 738 2584 779 non
2610 723 2718 778 nisi
2747 724 2965 780 unicum
2988 724 3090 779 Dei
3118 723 3299 779 decre-

1711 816 1832 866 tum
1870 809 1975 865 erit
2012 808 2081 865 de
2111 808 2401 865 existentia
2442 808 2566 866 talis
2604 827 2786 867 rerum
2826 813 2983 869 seriei
2996 853 3013 886 ,
3064 816 3122 868 et
3171 827 3298 869 cum

1710 899 1858 955 mala
1886 898 2151 970 quaedam
2180 898 2448 971 optimam
2476 914 2659 955 rerum
2684 900 2880 955 seriem
2908 898 3299 977 ingrediantur,

1710 988 1836 1043 binc
1864 986 2112 1043 admitti:
2156 986 2490 1044 Libertatem
2528 1004 2640 1044 non
2680 992 2893 1044 tantum
2934 1004 2967 1046 a
2996 991 3295 1065 coactione,

1709 1076 1806 1133 sed
1834 1080 1894 1131 et
1921 1094 1957 1135 a
1982 1075 2303 1133 necessitate
2330 1077 2677 1133 eximendam
2704 1092 2930 1152 censeo,
2967 1094 3081 1133 non
3113 1082 3298 1135 tamen

1667 1230 1671 1242 1
1709 1165 1783 1222 ab
1811 1165 2221 1239 infallibilitate,
2256 1182 2349 1222 seu
2380 1166 2863 1222 determinatione:
2907 1182 3121 1240 semper
3148 1167 3298 1223 enim

35 1256 88 1329 ri,
117 1254 318 1325 aliqua
343 1256 530 1309 tamen
557 1268 698 1326 opus
727 1252 910 1326 babet,
941 1253 1192 1326 aliaeque
1217 1250 1276 1309 id
1304 1268 1476 1327 genus
1502 1268 1627 1311 cau·
1667 1247 1671 1256 “

1709 1254 1852 1311 ratio
1882 1272 2001 1309 esse
2030 1254 2223 1323 debet,
2262 1272 2359 1316 cur
2396 1272 2568 1312 unum
2597 1254 2780 1327 potius
2808 1272 2978 1329 qnam
3003 1254 3155 1311 aliud
3182 1254 3298 1329 fiat,

1709 1362 1809 1401 nec
1832 1344 1950 1401 ulla
1980 1345 2145 1401 datur
2178 1344 2551 1402 indifferentia
2580 1344 2804 1417 perfecti
2832 1342 3169 1418 aequilibrii:
3216 1344 3299 1399 in·

1708 1434 1873 1491 terim
1900 1434 2043 1490 ratio
2071 1433 2441 1489 determinans
2469 1434 2783 1490 inclinando
2810 1433 3156 1507 determinat,
3186 1443 3299 1488 non

1709 1522 2104 1594 necessitando,
2143 1538 2267 1577 cum
2306 1521 2469 1579 aliter
2506 1523 2622 1579 fieri
2662 1539 2776 1579 non
2814 1523 3057 1597 implicet
3082 1525 3297 1579 contra-

1706 1614 2019 1670 dictionem.
2082 1610 2263 1667 Mu'lta
2290 1610 2402 1667 alia
2431 1612 2735 1685 observavi,
2776 1612 2975 1685 quibus
3014 1612 3300 1685 plerasque

35 1702 167 1758 dm
195 1700 436 1773 gratiam
467 1699 688 1772 physice
713 1698 1331 1772 praedeterminantem3
1363 1716 1462 1756 nec
1490 1700 1626 1755 satis
1709 1702 2059 1757 difficultates
2086 1699 2220 1754 satis
2245 1700 2393 1755 clare
2414 1700 2675 1773 expediri·
2693 1705 2855 1773 putot
2910 1702 3000 1772 Et,
3029 1706 3297 1773 quantum

35 1790 286 1849 recordor
309 1788 440 1861 quis
465 1788 868 1845 Theodorus
891 1786 1346 1845 Eleutherius
1373 1788 1467 1861 qul
1493 1804 1625 1845 con-
1701 1788 1911 1862 judico,
1942 1786 2245 1843 sententiae
2272 1802 2431 1843 meae
2456 1804 2570 1844 non
2598 1788 2899 1845 abhorrent
2928 1788 2987 1844 in
3014 1788 3116 1846 liac
3142 1792 3300 1865 parte

35 1884 120 1936 tra
157 1877 626 1947 augustinum
666 1876 730 1933 lc
773 1876 987 1933 Blanc
1023 1876 1258 1951 scripsit,
1299 1892 1372 1933 an
1401 1878 1462 1933 Ρ.
1493 1878 1624 1933 Da·
1711 1877 1746 1937 a
1771 1876 2003 1934 decretis
2031 1880 2241 1932 vestrae
2263 1876 2562 1949 Ecclesiae,
2581 1892 2679 1932 nec
2700 1892 2735 1931 a
2754 1877 2921 1932 vestri
2943 1877 3154 1934 ordinis
3183 1876 3299 1951 pla·

36 1969 170 2024 niel
205 1969 296 2023 vir
317 1966 512 2025 doetus
529 1970 590 2023 et
607 1966 958 2040 ingeniosus'i
989 1966 1124 2023 Vale
1143 1970 1201 2022 et
1223 1968 1361 2023 fave.
1407 1966 1626 2023 Dabam

35 2056 382 2131 Brnnswigae
411 2054 471 2113 8.
501 2056 633 2115 Feb.
673 2055 860 2113 17⁰8.

867 2156 872 2163 ·
928 2142 1314 2201 Deditissimus

633 2232 880 2290 Godcf.
925 2232 1103 2290 Guil.
1149 2231 1578 2291 Leibnitius.

669 2466 986 2476 ———-

475 2674 1024 2733 EPISTOLA
1083 2675 1162 2731 X.

159 2802 549 2861 Admodum
577 2798 957 2857 reverende
987 2800 1220 2873 pater,
1251 2802 1489 2855 fautor

543 2886 1103 2960 honoratissime,

117 3035 220 3090 Pro
249 3033 430 3090 literis
467 3033 670 3088 curatis
708 3029 1068 3101 curandisque
1095 3029 1299 3103 gratias
1325 3045 1447 3102 ago.
1497 3028 1618 3084 Mo-

43 3124 200 3180 nitum
229 3128 392 3179 tuum
433 3123 722 3195 perplacet.
799 3119 1106 3191 Putemque
1145 3117 1347 3174 rectius
1373 3117 1507 3173 dici:
1547 3116 1619 3186 je

45 3213 157 3269 n’ai
186 3213 324 3268 nul.
397 3209 774 3268 Jansenius
802 3209 944 3264 forte
969 3209 1280 3279 analogiam
1310 3207 1454 3263 inter
1479 3207 1618 3264 cari-

45 3307 192 3358 tatem
224 3301 544 3372 Beatornm,
573 3305 630 3356 et
655 3297 1155 3371 concupiscentiam
1186 3311 1620 3368 non-regenera-

45 3395 206 3446 torum
237 3389 584 3446 considerare
611 3387 790 3445 voluit
815 3403 888 3443 ex
917 3385 1304 3458 Augustini
1332 3386 1618 3460 sententia,

41 3480 120 3537 cui
145 3479 326 3537 ounnis
353 3482 506 3534 aenis
533 3477 592 3534 in
611 3474 1074 3548 non-regeneratis
1093 3479 1178 3530 est
1198 3474 1620 3548 peccaminum,

45 3574 95 3626 et
117 3571 342 3626 virtutes
371 3583 481 3624 non
507 3566 614 3623 nisi
634 3565 919 3640 splendida
947 3569 1183 3638 peccam.
1228 3563 1420 3634 ltaque
1447 3563 1618 3619 etiam

48 3656 478 3729 non-regenerati
507 3671 720 3730 semper
749 3653 1098 3712 determinati
1138 3655 1322 3710 forent
1349 3651 1420 3707 ad
1447 3667 1622 3707 unum

47 3749 211 3819 quoad
239 3745 587 3820 qualitatem,
633 3745 761 3800 licet
789 3759 900 3800 non
929 3741 1110 3814 quoad
1137 3739 1502 3798 substantiam
1528 3757 1618 3796 ac-

50 3840 142 3910 tm,
167 3835 317 3909 quod
355 3849 460 3908 ego
483 3833 707 3907 quidem
741 3849 854 3888 non
883 3832 1086 3905 probo.
1143 3829 1620 3896 Quemadmodum

49 3939 142 3982 nec
189 3925 598 3980 danmationem
647 3921 943 3980 infantium
999 3923 1616 3992 non-mgeneratorum‚

51 4013 258 4086 aliaque
291 4012 669 4086 Augustini
707 4011 863 4085 dura,
903 4025 1085 4082 neque
1109 4008 1272 4065 video
1299 4023 1396 4066 cur
1435 4023 1620 4064 neces-

52 4102 190 4157 saria
217 4103 290 4158 sit
321 4102 412 4158 illa
443 4098 620 4172 gratia
645 4115 746 4174 per
767 4117 832 4156 se
859 4099 1076 4170 victrix,
1103 4113 1274 4170 quam
1301 4097 1504 4172 panim
1533 4095 1618 4152 in-

53 4192 259 4248 culcant
291 4191 380 4265 qni
422 4191 890 4261 Augustinum
933 4177 1085 4261 sequi
1127 4187 1470 4260 profitoetur,
1523 4187 1622 4242 ant

52 4274 1622 4350 mraoneademmsnsuragratiaeinunopossiteflec-

57 4369 150 4425 trix
189 4385 308 4426 essa
344 4369 564 4443 salutis,
603 4367 856 4442 quamvis
897 4367 956 4423 in
995 4365 1108 4423 uffo
1145 4381 1260 4424 non
1297 4364 1390 4420 sit.
1477 4365 1622 4420 Puto

57 4457 214 4516 Deum
241 4461 526 4516 volrmmte
559 4457 944 4530 amedeum,
993 4469 1186 4511 onmes
1229 4455 1414 4511 salvos
1460 4453 1622 4526 velle,

57 4546 790 4621 squammatio-amesae,
819 4545 917 4602 sed
945 4543 1312 4601 demonstrari
1340 4542 1625 4616 peranxi-

59 4635 122 4692 lia
143 4637 482 4695 abundantia
508 4636 720 4708 gratiae
747 4649 890 4709 qme
925 4633 1000 4690 sit
1027 4631 1320 4706 sut‘ticiens,
1349 4631 1450 4688 ubi
1478 4633 1626 4690 bona

61 4727 306 4785 'mutas
321 4725 562 4800 accedat,
591 4729 652 4783 ct
677 4726 816 4782 hanc
840 4723 1012 4780 ctiam
1037 4720 1314 4779 intenlum
1341 4719 1623 4793 producat.

59 4815 178 4872 Qun
213 4815 502 4890 qma-itur
523 4829 597 4872 an
621 4813 839 4887 electio,
879 4817 938 4868 et
965 4815 1232 4884 qmtenus
1257 4809 1331 4866 sit
1357 4811 1626 4882 gratuita,

63 4906 220 4962 oenno
248 4907 426 4964 Dm
451 4919 564 4960 nou
591 4903 813 4977 quidem
838 4902 912 4959 ad
939 4901 1218 4976 praevisas
1253 4899 1430 4955 bonas
1449 4897 1626 4972 quali·

61 4995 196 5069 tam,
241 4999 340 5052 aut
365 4993 636 5052 minonem
673 4992 1070 5064 resistentiam,
1097 4990 1186 5046 vel
1211 4987 1390 5045 simile
1419 4987 1626 5060 aliquid

61 5083 288 5141 futurum
314 5083 648 5155 absolntm,
683 5081 774 5138 vel
811 5080 1180 5138 conditionale
1205 5093 1266 5135 se
1292 5076 1628 5148 adstringere

63 5169 1628 5249 noedispuundmemduoedinedoerotmum,uuum

61 5262 254 5342 utitis,
279 5281 352 5324 au
377 5259 506 5321 fibi
531 5261 692 5320 visae
717 5257 932 5320 habs
953 5259 1236 5320 maun
1273 5258 1428 5336 prius
1463 5256 1542 5314 sit
1567 5256 1627 5314 in

1707 1968 1832 2024 citis
1868 1964 2193 2040 potioribus.
2260 1964 2408 2021 Nam
2436 1964 2724 2021 'doctrinas
2764 1964 2916 2040 illae,
2959 1964 3063 2021 sub
3100 1966 3301 2037 quibus

1709 2054 1899 2111 diviua
1936 2052 2165 2109 Bonitas
2204 2054 2459 2111 laborare
2484 2053 2660 2110 videri
2690 2054 2893 2127 possit,
2934 2052 3117 2109 minus
3147 2068 3297 2127 amo,

1709 2144 1815 2202 etsi
1853 2144 1993 2201 alias
2034 2142 2519 2217 Augustinum,
2563 2142 2946 2199 Arnaldum
2984 2145 3041 2198 et
3078 2142 3301 2207 Ques-

1709 2234 1816 2291 nel
1831 2234 1929 2289 lin
1942 2246 1999 2287 m
2023 2233 2207 2306 magni
2230 2234 2444 2289 faciam.
2488 2232 2677 2305 Itaque
2696 2232 2937 2305 aliquem
2958 2231 3111 2305 mihi,
3131 2230 3301 2287 etiam

1643 2402 1648 2407 ³
1706 2323 1854 2398 apud
1882 2326 2109 2396 vestros,
2142 2322 2466 2396 applausum
2495 2322 2780 2394 promitto·

1793 2412 1953 2469 Nunc
1994 2411 2053 2467 in
2078 2426 2151 2468 eo
2178 2426 2301 2468 sum
2328 2415 2393 2468 ut
2420 2408 2689 2485 quaedam
2717 2408 3023 2466 turbatiora
3052 2409 3112 2465 in
3142 2422 3297 2464 mun-

1707 2502 1840 2557 dum
1870 2500 2204 2571 redigantur.

1795 2590 2144 2663 Colloquium
2182 2588 2319 2644 illud
2355 2591 2772 2645 consectaneum
2808 2602 2844 2641 a
2870 2584 3145 2659 colloquio
3170 2600 3299 2641 cum

1707 2678 1977 2737 Gemite
2003 2679 2087 2735 de
2114 2676 2409 2733 Gabalis
2436 2677 2496 2731 in
2522 2675 2747 2733 Batavis
2774 2674 2982 2731 editum
3012 2678 3166 2748 puto.

1795 2767 2320 2839 chronologicorum
2333 2808 2349 2838 ,
2410 2767 2497 2821 vel
2554 2764 2737 2839 potius
2792 2764 3296 2837 Arithmeticorum,

1705 2856 1998 2913 artificium
2038 2873 2151 2913 non
2181 2870 2396 2930 sperno,
2438 2870 2563 2909 cum
2604 2868 2764 2909 usum
2802 2852 3073 2927 insignem
3098 2853 3170 2908 ad
3199 2852 3297 2908 Hi-

1705 2947 1935 3003 storiam
1963 2947 2277 3002 discendam
2298 2945 2515 3018 aliaque
2544 2943 2841 3001 memoriae
2862 2943 3077 3013 objecta
3108 2959 3295 2999 nume-

1704 3037 1781 3094 ris
1809 3036 2094 3106 designata
2136 3038 2409 3108 praestare
2450 3033 2642 3107 possit,
2684 3032 2833 3089 velut
2870 3031 3053 3105 capita
3088 3030 3295 3088 Biblio-

1701 3143 1846 3196 rum,
1880 3125 2069 3181 titulos
2082 3121 2241 3192 juris.

1797 3214 2077 3270 Distichon
2098 3211 2253 3282 cuj-s
2275 3210 2573 3267 meministi
2606 3209 2715 3266 tale
2743 3213 2847 3280 est,
2876 3211 2937 3264 ut
2964 3225 3032 3264 eo
3052 3207 3297 3264 chartam

1705 3302 1981 3376 inquinari
2023 3302 2167 3358 haud
2209 3301 2405 3372 velim,
2456 3300 2638 3358 minus
2689 3299 2859 3356 etiam
2898 3298 3087 3354 oculos
3124 3311 3294 3352 meos.

1705 3391 1868 3449 Viros
1896 3407 2089 3466 graves
2117 3391 2153 3449 a
2174 3390 2376 3448 talibus
2402 3389 2698 3448 abhorrere
2726 3405 2827 3463 par
2854 3391 2956 3462 est,
3004 3386 3081 3442 ad
3099 3385 3299 3442 stivam

1703 3486 1763 3538 et
1789 3481 1983 3538 haram
2013 3479 2331 3552 relegandis.

1794 3570 1872 3625 At
1916 3569 2162 3626 Jacobi
2204 3568 2485 3624 Boscbii
2539 3567 2709 3635 (unde
2738 3564 3005 3638 quaedam
3034 3541 3295 3635 exhibes)

1705 3673 1929 3715 carmen
1956 3659 2153 3731 placet,
2196 3657 2267 3712 de
2294 3659 2414 3711 arte
2441 3656 2766 3726 symbolica,
2796 3653 2952 3722 cujus
2977 3652 3087 3708 alia
3116 3649 3297 3724 legere

1704 3763 1818 3804 non
1847 3747 2086 3803 memini.
2132 3745 2318 3814 Stylus
2346 3742 2464 3812 ejus
2494 3743 2708 3799 videtur
2734 3742 2989 3798 accedere
3014 3739 3087 3796 ad
3115 3741 3293 3796 artem

1704 3836 1977 3910 poeticam
2006 3833 2299 3890 Horatii.

1789 3923 1950 3990 Quod
1978 3925 2242 3996 superest,
2284 3921 2407 3975 vale
2432 3923 2491 3974 et
2519 3919 2658 3974 tave.
2726 3916 2945 3973 Dabam
2974 3913 3296 3971 Hanoverae

1711 4013 1810 4070 12.
1839 4010 2175 4086 Septembris
2213 4009 2285 4065 17
2294 4007 2397 4064 08

2594 4092 2981 4150 Deditissimus

2214 4219 2221 4228 -
2316 4185 2555 4242 Godef.
2602 4179 3246 4239 Gui1.1‚eibnitins.

1794 4279 1853 4336 Ρ.
1877 4279 1931 4336 S.
1977 4277 2047 4335 R.
2080 4278 2141 4334 Ρ
2187 4275 2385 4333 Dezii
2416 4273 2621 4332 librum
2639 4271 2786 4346 apud
2810 4271 3296 4341 Argentoratenses

1707 4368 1776 4425 de
1815 4367 2119 4443 Religionis
2160 4363 2546 4423 controversiis
2586 4359 2721 4417 olim
2760 4359 2969 4416 editum
3007 4359 3131 4416 lnnc
3167 4373 3301 4428 eum

1707 4457 1914 4533 prodiit
1952 4456 2221 4530 inspicere
2258 4452 2482 4510 memini
2495 4491 2513 4525 ,
2557 4451 2808 4507 mittente
2846 4449 2916 4505 D.
2950 4447 3297 4520 Landgravio

1707 4547 2018 4605 Ernesto.
2084 4543 2295 4601 Placuit
2336 4541 2545 4599 autoris
2573 4539 2853 4613 ingenium
2880 4540 2938 4594 et
2964 4536 3293 4613 moderatio,

1709 4641 1766 4694 et
1792 4651 1940 4694 nmio
1968 4637 2184 4711 gratum
2210 4638 2297 4692 est
2322 4631 2489 4690 talem
2518 4629 2695 4686 virum
2723 4625 2967 4705 provebi.

2344 4899 2663 4915 Ἠ-

2413 5328 2564 5393 58*
