3717 5850
1313 354 1405 411 vl.
1461 355 1563 411 DE
1592 352 1783 413 VITA·
1798 304 2065 412 BEA'fiA.

80 498 243 573 parent
268 511 433 567 saepe
460 496 623 567 louge
643 494 879 564 majores
900 510 1069 567 quam
1088 509 1279 551 revera
1298 500 1444 570 sunt,
1476 513 1631 571 prae·

84 585 237 645 satim
262 586 575 681 antequam
590 583 1001 655 possideantur,
1045 598 1187 655 quae
1214 584 1487 645 malorum
1516 602 1632 641 om-

84 679 207 733 nium
231 648 589 744 omniumqffe
615 672 677 728 in
704 672 819 728 vita
846 688 1094 729 errorum
1122 672 1279 745 origo
1306 678 1423 747 oet,
1450 674 1633 731 obser-

86 763 283 821 randmu
322 759 427 830 (ne
455 760 635 834 specie
668 760 889 817 illarum
908 760 1271 833 decipiamur)
1294 762 1634 819 voluntatem

90 870 141 911 ex
162 848 529 921 magnitudine
556 850 901 921 perfectionis
938 850 1095 905 illam
1134 850 1479 922 producentis
1516 868 1635 907 esse

91 937 457 998 aestimandam.
552 937 629 993 Ut
688 937 876 1010 itaque
924 918 1111 995 anima
1160 942 1349 995 nostra
1398 942 1633 1013 perfecte

93 1032 301 1087 contenta
322 1027 419 1099 sit,
448 1026 593 1083 nihil
619 1026 771 1083 aliud
790 1027 955 1083 debet
974 1042 1141 1100 quam
1162 1026 1421 1085 virtutem
1440 1030 1671 1085 exacte

95 1116 267 1175 sectari·
252 1154 269 1186 ,
296 1115 611 1188 quicunque
636 1115 787 1171 enim
814 1116 895 1172 ita
922 1116 1053 1189 agit,
1086 1119 1149 1171 ut
1174 1116 1506 1173 conscientia
1533 1133 1633 1172 sua

97 1206 377 1279 exprobrare
402 1203 460 1260 ei
488 1207 743 1278 nequeat,
754 1204 937 1277 ipsum
964 1218 1207 1276 unquam
1234 1205 1539 1277 neglexisse
1564 1221 1633 1261 ea

98 1300 245 1365 fat-em,
271 1308 409 1363 quae
436 1292 675 1349 meliora
693 1290 968 1361 judicavit
989 1285 1165 1370 (quod
1191 1298 1275 1349 est
1300 1294 1497 1350 sectari
1524 1294 1632 1348 vir-

100 1383 270 1454 tutem),
296 1380 427 1437 inde
454 1380 629 1437 habet
654 1380 1099 1455 satisfactionem,
1123 1397 1264 1454 quae
1292 1385 1409 1437 tam
1436 1387 1631 1455 potens

98 1477 155 1529 et
176 1470 235 1525 ad
258 1468 603 1525 efficiendam
628 1469 963 1543 felicitatem,
992 1474 1057 1526 ut
1085 1470 1436 1527 violentiores
1464 1470 1633 1527 etiam

100 1562 337 1616 affectuum
374 1560 565 1614 motus
596 1574 881 1631 nunquam
916 1562 1003 1615 sat
1040 1560 1277 1617 habeant
1316 1559 1519 1615 virium
1561 1558 1635 1615 ad

102 1648 371 1705 turbandam
397 1646 581 1703 animi
608 1647 1079 1721 tranquillitatem.

546 1774 1135 1875 emmens,

166 1912 288 1969 ilaec
314 1911 372 1967 iu
396 1912 659 1969 habitum
688 1900 951 1969 conversa
976 1916 1239 1985 generant
1267 1911 1632 1986 generosi-

106 2007 296 2072 tatem,
334 2016 475 2073 qme
514 1999 701 2075 efficit,
742 2004 806 2056 ut
841 2001 1009 2057 homo
1047 2018 1107 2057 se
1144 2001 1425 2058 existimet
1460 2017 1631 2073 quau-

108 2098 195 2147 tum
216 2094 375 2163 potest
414 2088 687 2161 legitime.
754 2089 905 2146 Haec
942 2092 1127 2146 autem
1165 2090 1226 2146 in
1263 2107 1332 2147 eo
1360 2089 1627 2164 consistit,

106 2180 261 2251 partim
284 2182 343 2233 ut
366 2177 519 2233 norit
544 2178 685 2235 nihil
710 2194 902 2234 revera
929 2194 1090 2234 suum
1116 2194 1236 2235 esse
1273 2182 1503 2252 excepta
1529 2179 1633 2235 hac

104 2268 237 2323 libera
258 2266 613 2338 dispositione
638 2279 863 2322 silannn
889 2267 1254 2340 voluntatum,
1300 2284 1401 2325 nec
1428 2284 1489 2322 se
1514 2268 1632 2323 lau·

108 2356 197 2411 dari
217 2360 301 2411 aut
324 2355 625 2428 vituperari
663 2355 861 2411 debere
894 2355 1003 2411 nisi
1030 2356 1179 2428 quod
1218 2355 1317 2411 illa
1356 2356 1497 2413 bene
1534 2358 1633 2411 aut

106 2444 215 2498 male
238 2448 421 2517 utatur,
450 2443 767 2516 partimque
798 2444 947 2516 quod
984 2445 1189 2501 sentiat
1218 2444 1280 2500 in
1307 2462 1367 2501 se
1392 2444 1515 2518 ipso
1544 2445 1632 2500 fir-

108 2548 223 2587 mum
245 2550 301 2587 ac
323 2536 579 2589 constans
608 2532 952 2606 propositum
972 2550 1039 2589 ea
1058 2532 1201 2589 bene
1225 2533 1432 2606 utendi,
1461 2532 1521 2589 id
1549 2536 1633 2588 est

109 2636 349 2691 numquam
394 2621 623 2677 carendi
672 2623 971 2693 voluntate,
1021 2620 1349 2695 suscipiendi
1398 2625 1456 2677 et
1504 2637 1633 2677 exe-

111 2708 263 2782 quendi
286 2710 463 2765 omnia
490 2725 639 2783 quae
668 2710 999 2778 judicaverit
1038 2710 1267 2767 meliora
1306 2728 1441 2783 esse,
1482 2709 1629 2781 quod

111 2800 393 2869 etpa-feete
418 2798 579 2871 sequi
608 2797 882 2855 virtutem.
972 2799 1081 2863 Qui
1107 2800 1213 2855 hoe
1240 2799 1311 2855 de
1337 2816 1397 2855 se
1422 2802 1631 2855 norunt

112 2890 154 2943 et
171 2886 391 2960 sentiunt,
418 2885 503 2944 illi
530 2886 645 2944 sibi
673 2888 831 2945 facile
850 2888 1195 2962 persuadent,
1218 2886 1461 2961 singulos
1488 2887 1629 2944 alios

112 2975 301 3030 homines
325 2977 467 3032 idem
494 2976 571 3033 de
600 2993 659 3032 se
686 2977 824 3050 ipsis
852 2977 1052 3034 sentire
1080 2981 1179 3034 aut
1206 2977 1409 3034 sentire
1446 2994 1625 3050 posse,

114 3065 313 3134 quoniam
347 3065 403 3120 in
440 3082 509 3121 eo
548 3064 694 3121 nihil
730 3070 832 3139 aet,
874 3065 1020 3138 quod
1058 3067 1133 3124 ab
1170 3066 1285 3123 alio
1315 3069 1374 3122 et
1410 3081 1527 3122 non
1554 3064 1628 3121 ab

113 3151 209 3223 ipsis
238 3153 465 3226 pendeat.
540 3143 751 3210 Iddrco
784 3154 1063 3210 neminem
1098 3169 1361 3228 umquam
1388 3159 1631 3210 contem·

114 3244 209 3295 nent
228 3246 275 3296 et
297 3242 391 3297 etsi
417 3241 649 3298 videant
675 3242 815 3298 alios
834 3243 1123 3300 admittere
1142 3243 1465 3317 sphalmata,
1486 3259 1629 3316 quae

116 3329 345 3385 ostendunt
376 3347 571 3386 eorum
606 3331 1065 3405 imbecillitatem,
1110 3336 1239 3389 sunt
1276 3336 1465 3389 tamen
1500 3349 1627 3405 pro-

116 3417 247 3472 riores
268 3419 331 3474 ad
364 3436 457 3474 eos
493 3419 859 3492 excusandos,
898 3435 1065 3494 quam
1102 3421 1420 3494 carpendos,
1459 3423 1517 3478 et
1552 3421 1624 3476 ad

116 3506 387 3580 sedendum,
416 3525 511 3564 eos
540 3508 729 3581 potius
756 3525 829 3565 ex
854 3509 1095 3593 notitiae·
1112 3525 1281 3582 quam
1307 3510 1489 3566 bonae
1528 3526 1625 3565 vo-

116 3593 283 3652 luntatis
306 3595 507 3654 defectu
550 3613 791 3672 peccare,
828 3601 887 3655 et
922 3599 1179 3673 quamvis
1216 3598 1347 3656 odio
1385 3599 1625 3658 habeant

3230 342 3317 409 75

1732 496 1886 569 vitia,
1915 512 2032 551 non
2058 495 2186 552 ideo
2214 498 2400 551 tamen
2427 496 2662 553 oderunt
2685 512 2800 571 eos,
2825 512 2963 570 quos
2988 495 3104 553 illis
3123 486 3316 551 vident

1732 584 2024 657 obnoxios,
2054 584 2152 641 sed
2179 584 2360 639 solum
2385 600 2575 639 eorum
2602 586 2942 641 miserentur.
3028 585 3112 641 Ac
3148 586 3316 657 prout

1732 690 1849 729 ιιοιι
1875 690 1936 728 se
1963 676 2160 746 putant
2187 671 2364 729 multo
2395 672 2678 729 inferiores
2717 673 2802 746 iis,
2832 674 2928 745 qui
2965 674 3128 747 plura
3163 672 3314 729 bona

1732 766 1831 819 aut
1858 763 2092 818 honores
2120 760 2416 834 possident,
2446 765 2545 816 aut
2572 760 2668 833 qui
2701 759 2940 834 ingenio,
2986 760 3310 835 eruditione,

1732 852 1982 907 formave
2029 850 2399 923 praepollent,
2452 849 2541 905 vel
2582 849 2721 905 alios
2769 853 3009 906 caeteros
3055 853 3316 924 superant

1732 939 1793 995 in
1822 938 1947 995 aliis
1975 938 2306 1011 quibusdam
2333 938 2770 1010 perfectionibuS,
2801 938 2882 993 ita
2908 955 3009 994 nec
3047 956 3108 995 se
3135 939 3319 995 multo

1732 1027 2037 1101 superiores
2063 1027 2384 1083 existimant
2411 1024 2498 1099 iis,
2520 1042 2656 1099 quos
2683 1024 2940 1081 similiter
2963 1026 3026 1081 in
3046 1027 3130 1083 his
3159 1042 3314 1100 prae-

1732 1117 1954 1190 cellunt,
1986 1116 2132 1187 quod
2162 1116 2294 1171 haec
2323 1114 2510 1171 omnia
2537 1114 2646 1170 illis
2687 1113 2976 1170 videantur
3013 1114 3159 1169 haud
3196 1131 3314 1171 ma-

1731 1221 1840 1275 gna
1868 1204 2304 1261 consideratione
2331 1204 2498 1276 digna
2525 1220 2660 1277 prae
2687 1202 2836 1259 bona
2872 1201 2971 1258 illa
3009 1201 3313 1275 voluntate,

1730 1310 1803 1349 ex
1832 1310 1942 1366 qua
1967 1294 2088 1349 sola
2114 1311 2174 1349 se
2199 1292 2510 1348 aestimant.

1820 1382 1906 1439 Ae
1954 1380 2032 1437 sie
2083 1381 2450 1453 generosiores
2500 1379 2680 1436 solent
2729 1378 3046 1436 humilioroe
3095 1393 3316 1452 quoque

1733 1488 1879 1542 esse3
1909 1469 2275 1527 humilitas
2303 1474 2490 1526 autem
2516 1467 2766 1525 consistit
2791 1468 2853 1523 in
2890 1484 2958 1525 ea
2993 1466 3312 1541 reflexione,

1733 1574 1902 1632 quam
1941 1558 2170 1614 facimus
2207 1574 2374 1631 supra
2408 1557 2780 1613 infirmitatem
2817 1559 3038 1613 nostrae
3063 1559 3311 1631 natumc,

1734 1651 1793 1704 et
1830 1663 2041 1704 errores
2083 1661 2219 1718 quas
2257 1646 2392 1702 olim
2421 1646 2697 1719 potuimus
2737 1648 2796 1701 et
2831 1644 3086 1718 deinceps
3123 1660 3314 1717 possu-

1734 1752 1858 1792 mus
1886 1734 2242 1808 committere,
2285 1734 2381 1807 qui
2418 1750 2533 1790 ιιοιι
2569 1733 2811 1789 minores
2847 1737 2976 1789 sunt
3013 1733 3084 1789 iis
3111 1732 3207 1806 qui
3235 1733 3310 1789 ab

1732 1824 1859 1881 aliis
1903 1822 2178 1881 committi
2225 1826 2468 1895 possunt,
2520 1822 2804 1893 efficitque,
2857 1824 2920 1879 ut
2958 1838 3063 1877 nos
3101 1819 3310 1878 nemini

1730 1915 2119 1987 praeferamus,
2149 1915 2466 1985 reputantes
2492 1914 2734 1965 caeteros
2761 1908 2857 1981 qui
2885 1909 3098 1982 pollent
3123 1910 3309 1965 nobis·

1730 2018 1856 2058 cum
1885 2018 1986 2057 suo
2013 1999 2194 2056 libero
2221 1999 2452 2056 arbitrio
2479 2012 2652 2070 aeque
2671 1998 2813 2055 bene
2838 2014 2904 2053 ae
2922 2014 3026 2053 nos
3053 2014 3121 2054 eo
3149 2014 3312 2071 posse

1730 2090 1830 2147 uti.
1917 2088 2026 2154 Qui
2061 2090 2166 2146 hoc
2203 2088 2372 2145 modo
2412 2086 2660 2160 generosi
2695 2088 2842 2159 sunt,
2885 2086 3210 2142 naturaliter
3235 2086 3310 2143 ad

1732 2194 1934 2252 magna
1961 2176 2231 2251 patranda
2257 2179 2522 2249 feruntur,
2551 2174 2630 2232 sic
2657 2178 2862 2246 tamen,
2891 2178 2952 2231 ut
2978 2174 3117 2230 nihil
3144 2174 3310 2231 susci-

1731 2267 1907 2341 piant,
1939 2266 2096 2337 cujus
2132 2282 2194 2321 se
2234 2282 2348 2321 non
2386 2280 2610 2337 capaces
2649 2263 2907 2337 sentiant,
2951 2267 3008 2319 et
3044 2261 3308 2335 quoniam

1730 2356 1872 2412 nihil
1909 2355 2084 2429 magis
2120 2358 2378 2427 reputant
2415 2368 2582 2426 quam
2611 2352 2750 2408 bene
2778 2354 2954 2407 facere
2981 2351 3109 2407 aliis
3132 2350 3307 2408 homi-

1731 2444 1896 2501 nibus
1937 2443 2162 2517 proprio
2201 2460 2363 2515 saepe
2403 2442 2698 2499 commodo
2732 2442 3020 2514 contento,
3061 2440 3150 2497 hic
3187 2456 3310 2515 per-

1734 2537 1872 2591 fecte
1941 2532 2260 2603 humani,
2313 2529 2713 2602 *affabileS,
2793 2528 3111 2585 officiosi
3177 2545 3310 2601 erga

1730 2636 2172 2694 unumquemque
2219 2622 2361 2675 sunt.
2449 2618 2752 2674 Affectibus
2799 2620 2986 2673 autem
3026 2617 3167 2691 suiS,
3209 2616 3306 2673 sed

1728 2710 1982 2785 inprimis
2019 2708 2262 2765 invidiae
2299 2725 2364 2764 ac
2401 2706 2710 2778 zelotypiae
2749 2705 3118 2778 dominantur,
3157 2705 3308 2777 quod

1728 2802 1983 2873 reputent
2017 2797 2158 2853 nihil
2210 2795 2364 2867 cujus
2400 2796 2686 2868 acquisitio
2731 2810 2768 2849 a
2809 2812 2870 2850 se
2904 2810 3021 2851 non
3069 2793 3307 2867 pendeat

1730 2888 1876 2946 tanti
1911 2904 2045 2960 esse,
2084 2889 2148 2943 ut
2197 2886 2433 2942 multum
2481 2884 2679 2942 debeat
2715 2884 2995 2957 exoptati,
3047 2887 3103 2939 et
3143 2900 3178 2939 o
3192 2882 3306 2939 dio

1729 2995 1857 3051 erga
1895 2977 2142 3034 homines
2184 2973 2316 3047 quia
2355 2990 2546 3031 omnes
2584 2971 2907 3045 aestimant,
2962 2975 3020 3028 et
3061 2971 3302 3043 metui,

1728 3066 1879 3140 quod
1907 3065 2102 3122 fiducia
2137 3063 2392 3137 propriae
2427 3061 2646 3117 virtutis
2681 3060 2794 3116 sint
2821 3060 3012 3132 securi,
3051 3063 3106 3116 et
3135 3060 3302 3134 irae,

1728 3155 1878 3228 quod
1904 3153 2060 3228 parvi
2089 3153 2384 3226 pendentes
2412 3165 2762 3223 quaeeunque
2789 3147 3030 3222 pendent
3058 3165 3131 3204 ex
3157 3147 3300 3220 aliie,

1728 3258 2030 3316 numquam
2055 3245 2274 3298 tantum
2301 3239 2602 3296 concedant
2627 3238 2742 3293 suis
2779 3237 3121 3311 adversariis,
3151 3239 3216 3292 ut
3244 3251 3306 3291 se

1727 3332 1801 3389 ab
1828 3332 1941 3388 illis
1967 3333 2144 3388 laesos
2171 3333 2485 3403 agnoscant.
2537 3327 2788 3398 Denique
2814 3341 3114 3398 numquam
3141 3341 3304 3398 quae-

1725 3422 1869 3478 relas
1918 3421 2124 3478 ducunt
2171 3434 2348 3492 neque
2394 3415 2544 3474 enim
2593 3417 2830 3489 perfecte
2869 3417 3156 3472 contentus
3193 3417 3300 3486 oet,

1725 3510 1822 3585 qui
1848 3509 2016 3568 habet
2041 3507 2234 3582 adhuc,
2265 3508 2335 3565 de
2362 3523 2474 3580 quo
2501 3507 2880 3579 conqueratur.

1250 3943 1527 3953 -0—*—--—-
1533 3941 1878 3951 *βψς-...μ
1885 3937 2096 3947 —-—-———--

2562 5261 2689 5326 10*
