3717 5850
1312 375 2098 436 PRAEFATIO.
3187 387 3359 452 XVII

43 503 230 572 theca
287 503 510 598 Regia
565 503 942 573 Hanoverae
1005 529 1148 575 esse
1212 506 1618 600 epistolarum
1683 507 1973 577 Leibnitii
2037 508 2117 578 ad
2174 503 2519 580 Amaldum
2584 513 2891 600 datarum,
2956 513 3039 587 de
3112 521 3340 612 quibus

35 619 236 687 modo
307 620 520 689 locuti
573 645 824 702 sumus,
890 630 1002 689 aut
1066 643 1316 706 omneS,
1384 633 1494 691 aut
1557 633 1728 692 certe
1791 623 2041 692 multas.
2149 625 2367 717 Itaque
2430 651 2561 695 non
2626 628 2866 714 dubito,
2940 633 3091 726 quin
3156 635 3339 708 multi
3384 613 3399 634 ⁶

35 736 500 827 exprobraturi
557 739 680 805 sint
723 736 908 819 mihi,
968 735 1170 827 quod,
1229 759 1378 804 cum
1435 737 1686 807 editioni
1740 763 1925 807 meae
1968 743 2339 808 inseruerim
2393 744 2741 835 fragmenta
2794 747 3022 817 inedita
3078 752 3336 819 minoris

33 853 382 934 momenti,
429 851 554 919 has
595 854 767 942 ipsas
811 851 1107 942 epistolas
1149 874 1280 920 non
1327 841 1674 920 exhibeam.
1749 855 1875 922 Cui
1904 855 2235 948 opprobrio
2279 855 2445 924 hanc
2488 881 2805 950 opponam
2838 867 3333 934 excusationem:

33 968 278 1034 Exstat
317 965 592 1058 quidem
618 967 998 1036 Hanoverae
1038 970 1202 1036 inter
1241 968 1592 1052 fasciculos,
1637 969 1865 1060 quibus
1891 970 2169 1039 Federus
2198 976 2579 1041 commercia
2608 975 2927 1066 epistolica
2948 975 3335 1050 Leibnitiana

31 1083 380 1166 distribuit,
425 1105 618 1168 unus,
659 1084 766 1150 cui
793 1083 1048 1151 Amaldi
1089 1107 1324 1152 nomen
1367 1089 1822 1178 praescriptum
1851 1097 1966 1170 est,
2008 1089 2073 1154 in
2119 1109 2245 1177 quo
2288 1096 2504 1155 tamen
2547 1090 2709 1157 sicut
2735 1090 2991 1159 Arnaldi
3032 1093 3111 1160 ad
3142 1092 3329 1163 Leib-

29 1201 272 1266 nitium
315 1197 690 1291 complures
731 1199 819 1265 ita
858 1196 1148 1266 Leibnitii
1192 1199 1270 1267 ad
1314 1200 1658 1268 Arnaldum
1701 1201 1997 1293 epistolas
2040 1201 2244 1271 nullas
2284 1203 2582 1270 invenies.
2656 1204 2995 1273 Adnotavit
3036 1207 3118 1274 ad
3159 1208 3331 1278 hunc

31 1313 429 1382 fasciculum
459 1312 763 1396 Federus,
808 1314 1115 1380 exstitisse
1157 1311 1308 1380 olim
1349 1318 1414 1382 in
1459 1315 1848 1384 Bibliotheca
1892 1317 2095 1410 Regia
2137 1317 2314 1385 binas
2358 1315 2645 1385 Leibnitii
2688 1319 2769 1387 ad
2798 1319 3146 1391 Arnaldum
3186 1323 3329 1392 lite·

33 1453 160 1512 ηε,
207 1453 386 1496 unas
414 1429 661 1511 latinas,
707 1427 932 1496 alteras
977 1427 1232 1520 gallicas
1278 1454 1512 1522 easque
1555 1431 1642 1498 nil
1686 1433 1803 1499 nisi
1835 1432 2026 1500 verba
2071 1431 2347 1498 officiosa
2391 1436 2807 1502 continentes:
2852 1445 3154 1528 utrasque
3182 1463 3332 1510 vero

41 1569 120 1612 eo
161 1547 320 1635 ipso
371 1554 680 1636 tempore,
727 1567 853 1634 quo
899 1543 1158 1610 Arnaldi
1202 1545 1500 1634 epistolae
1543 1545 1821 1614 Mortieri
1862 1545 2256 1614 Mareschalli
2305 1549 2489 1637 jussu
2534 1549 3148 1638 transscriberentur,
3204 1579 3332 1624 una
3428 1580 3437 1592 ·

38 1683 190 1725 cum
235 1659 638 1752 apographis
679 1658 796 1727 illis
839 1658 1254 1728 Mareschallo
1297 1660 1552 1728 traditas
1597 1685 1754 1728 esse.
1843 1661 2036 1751 Atqui
2091 1683 2239 1726 cum
2282 1659 2671 1733 Bibliotheca
2712 1664 2915 1758 Regia
2970 1669 3331 1759 exemplum

39 1777 540 1865 transscriptum
585 1777 722 1867 ejus
767 1773 1065 1866 epistolae
1105 1797 1236 1842 non
1277 1777 1626 1859 retinuerit,
1681 1801 1891 1867 neque
1934 1798 2055 1867 ego
2099 1777 2407 1868 conjicere
2449 1781 2687 1868 possim
2734 1803 2857 1871 quo
2902 1781 3145 1866 abierit,
3189 1807 3331 1854 am-

41 1890 206 1981 plius
245 1893 642 1983 investigare
681 1913 810 1959 non
853 1892 1047 1980 potui.
1119 1889 1264 1958 Mea
1308 1890 1562 1982 quidem
1607 1894 1901 1984 opinione
1931 1888 2229 1984 epistolae
2252 1889 2425 1973 illae,
2463 1891 2571 1958 ubi
2598 1915 2762 1960 anno
2792 1893 3329 1970 MDCCLXXVI

41 2016 252 2089 erant,
299 2006 396 2074 ibi
441 2008 632 2072 etiam
681 2029 852 2074 nunc
904 2007 1296 2097 reperiantur
1345 2029 1608 2075 necesse
1669 2017 1766 2074 est
1779 2060 1798 2093 ,
1865 2007 2136 2075 Parisiis.
2230 2005 2439 2093 Quam
2482 2005 2704 2073 urbem
2746 2029 2895 2075 cum
2936 2012 3177 2080 visendi
3218 2037 3329 2083 oc·-

40 2125 210 2189 casio
259 2121 434 2189 mihi
475 2145 680 2212 usque
724 2121 806 2188 ad
848 2120 1019 2189 hunc
1063 2119 1230 2188 diem
1273 2145 1402 2190 non
1447 2123 1610 2189 facta
1657 2125 1764 2205 sit,
1807 2145 2137 2213 nunquam
2179 2122 2445 2189 fortasse
2488 2145 2558 2189 se
2602 2119 2912 2207 oblatura,
2970 2149 3079 2194 me
3116 2130 3330 2221 ipsum

37 2262 144 2304 eas
191 2236 512 2330 epistolas
553 2239 956 2305 inventurum
997 2259 1127 2304 non
1173 2259 1378 2328 spero.
1451 2235 1680 2329 Neque
1723 2248 1938 2306 tamen
1980 2219 2387 2326 desperamus
2428 2240 2562 2306 fore
2604 2247 2678 2304 ut
2715 2237 2840 2306 hae
2882 2241 3185 2332 epistolae
3223 2267 3331 2313 re-

39 2363 444 2445 cuperentur
487 2362 554 2419 et
593 2353 874 2443 integrae
913 2354 980 2419 in
1023 2350 1234 2419 lucem
1277 2353 1600 2444 prodeant.
1689 2352 1859 2421 Nam
1904 2375 2054 2421 cum
2096 2350 2183 2419 Ill.
2230 2352 2579 2436 Cousinus,
2620 2355 2719 2421 vir
2759 2355 2863 2422 cui
2918 2364 3052 2424 tam
3094 2357 3329 2428 multos

35 2473 164 2560 jam
211 2468 538 2537 debemus
579 2465 901 2535 literarum
943 2465 1276 2535 thesauros
1319 2467 1576 2536 obrutos
1619 2468 1951 2559 hucusque
2006 2467 2485 2560 deperditosque
2540 2467 2807 2536 creditos
2820 2519 2841 2552 ,
2904 2469 3162 2540 Parisiis
3203 2475 3327 2542 flo-

39 2596 176 2653 reat
225 2597 298 2653 et
337 2585 706 2676 nuperrime
747 2585 812 2648 in
855 2591 1142 2650 nostrum
1182 2585 1580 2674 potissimum
1627 2595 1911 2651 autorem
1955 2583 2175 2651 oculos
2218 2586 2621 2666 converterit,
2678 2587 2857 2676 cujus
2899 2588 2990 2653 rei
3042 2587 3327 2677 praecla-

41 2724 186 2766 rum
249 2703 392 2792 ejus
448 2701 798 2791 fragmenta
853 2695 1286 2790 philosophica
1353 2698 1687 2766 exhibeant
1741 2698 2227 2784 documentum,
2290 2723 2427 2767 rem
2493 2721 2697 2791 paene
2750 2709 2957 2767 actam
3012 2711 3325 2794 putamus.

41 2815 178 2881 Etsi
225 2839 364 2882 non
406 2815 652 2882 licuerit
695 2815 1063 2902 exspectari,
1109 2836 1190 2880 ex
1233 2838 1360 2904 quo
1405 2816 1711 2882 universis
1743 2813 1985 2881 Galliae
2024 2815 2214 2882 rebus
2246 2813 2631 2882 scholasticis
2670 2817 2917 2907 praesit,
2961 2818 3175 2908 ipsum
3202 2815 3327 2887 hoc

43 2931 156 2998 sibi
205 2942 579 2999 sumturum
623 2953 764 2997 esse
805 2932 1128 3021 negotium
1145 2982 1164 3013 ,
1215 2940 1429 2999 tamen
1487 2930 1637 2999 illud
1677 2933 1888 3022 ipsum
1932 2953 2165 2999 munus
2211 2928 2533 3022 publicum
2576 2934 2823 3022 copiam
2879 2934 2937 2999 ei
2978 2934 3161 3002 faciet
3200 2934 3325 3002 im-

43 3046 326 3137 pellendi
374 3049 654 3138 juniores
699 3054 772 3111 ut
813 3067 948 3112 rem
992 3042 1162 3113 haud
1205 3046 1525 3139 indignam
1570 3046 2024 3138 aggrediantur.
2111 3044 2422 3137 Equidem
2476 3066 2627 3112 cum
2680 3044 2836 3112 mihi
2886 3069 3014 3114 non
3054 3050 3329 3137 patuerit

43 3161 252 3227 aditus
299 3159 385 3227 ad
443 3183 666 3228 omnes
717 3159 1029 3249 epistolaS,
1086 3184 1244 3251 quas
1288 3160 1630 3229 Leibnitius
1674 3158 1949 3229 Arnaldo
2004 3160 2365 3252 scripserat,
2434 3162 2686 3253 gavisus
2740 3182 2885 3227 sum
2942 3159 3112 3251 quod
3164 3162 3327 3231 haec

43 3279 182 3369 ipsa
219 3316 314 3325 —
359 3274 727 3343 ultimarum
755 3298 882 3343 una
920 3314 1010 3328 —-
1049 3277 1239 3343 inseri
1267 3298 1450 3343 meae
1494 3274 1746 3344 editioni
1787 3278 2007 3368 potuit.
2118 3274 2243 3343 Cui
2282 3274 2491 3343 addidi
2534 3284 2899 3367 excerptum
2945 3298 3025 3343 ex
3064 3276 3327 3369 epistola

45 3392 130 3459 ad
153 3390 594 3459 Bemoullium
637 3391 886 3480 scripta,
929 3413 1094 3481 quae
1135 3392 1336 3457 fusius
1384 3390 1652 3483 explicat
1694 3390 2015 3482 quomodo
2058 3413 2189 3460 non
2230 3389 2439 3459 solum
2482 3392 2797 3482 quantitas
2832 3393 3061 3459 virium
3102 3393 3325 3460 motri·

51 3511 226 3575 cium
282 3506 510 3575 eadem
567 3528 820 3595 semper
871 3515 1128 3573 maneat
1141 3556 1160 3588 ,
1215 3504 1327 3572 sed
1383 3505 1639 3573 directio
1699 3508 1889 3573 etiam
1940 3516 2230 3574 motuum
2282 3508 2348 3573 in
2400 3515 2728 3573 aeternum
2782 3527 2925 3572 sese
2978 3516 3324 3575 conservet.

51 3623 347 3705 Constat,
399 3624 468 3689 in
519 3622 642 3689 hac
695 3620 840 3712 lege
895 3643 1149 3713 semper
1188 3620 1568 3688 Leibnitium
1625 3622 1766 3704 niti,
1821 3644 1971 3688 cum
2016 3642 2131 3687 sua
2173 3620 2501 3690 harmonia
2544 3618 2959 3713 praestabilita
3006 3620 3323 3689 Cartcsia-

47 3762 286 3805 norum
329 3734 914 3804 occasionalismum
972 3758 1164 3827 quem
1205 3746 1440 3803 vocant
1478 3758 1832 3827 repugnare
1878 3736 2143 3803 studeat.

229 3850 484 3920 XXVI.
535 3850 654 3919 De
709 3873 894 3918 vera
947 3848 1316 3917 methodo
1370 3847 1923 3941 philosophiae
1978 3860 2054 3915 et
2106 3847 2566 3939 theologiae.
2662 3846 2847 3916 Hanc
2902 3847 3323 3938 scriptionem,

49 3968 334 4037 nondum
377 3977 566 4033 antea
607 3964 856 4048 editam,
899 3966 1276 4033 Hanoverae
1315 3967 1379 4031 in
1409 3961 1795 4031 Bibliotheca
1832 3963 2033 4055 Regia
2078 3964 2491 4055 transscripsi,
2534 3963 2719 4052 eique
2759 3960 2929 4027 hunc
2974 3958 3116 4041 dedi
3170 3963 3324 4029 titu··

51 4083 200 4151 lum.
287 4080 522 4175 Neque
563 4078 934 4171 reprehendi
991 4104 1097 4149 me
1151 4103 1340 4172 posse
1383 4076 1572 4146 credo
1618 4079 1788 4170 quod
1833 4104 1976 4147 eam
2019 4101 2147 4146 non
2192 4080 2447 4170 propius
2506 4076 2586 4144 ad
2630 4074 3013 4143 collectionis
3070 4077 3321 4143 initium

53 4200 390 4290 posuerim.
481 4200 939 4290 Argumentum
985 4196 1188 4278 docet,
1231 4205 1518 4263 autorem
1563 4216 1602 4260 a
1647 4194 2137 4262 Cartesianismo
2182 4192 2371 4285 longe
2414 4192 2803 4273 discessisse,
2848 4188 3179 4281 multaque
3214 4212 3323 4258 re-

59 4324 357 4381 tractasse
398 4338 564 4405 quae
600 4315 848 4405 juvenis
891 4310 1222 4379 docuisset.
1310 4308 1794 4401 Reprehendent
1835 4313 2047 4376 forsan
2090 4306 2193 4375 alii
2234 4309 2613 4375 contrarium
2626 4358 2645 4389 ,
2691 4308 2925 4397 quippe
2968 4305 3321 4394 provectio-

57 4432 134 4495 ris
173 4430 404 4497 aetatis
449 4452 612 4521 opus
657 4450 796 4495 esse
839 4427 1295 4495 contendentes.
1384 4426 1512 4494 Vix
1555 4424 1760 4491 credo.
1849 4424 2267 4491 Conferantur
2307 4420 2500 4490 modo
2545 4444 2709 4512 quae
2762 4420 2865 4488 hic
2910 4418 3200 4486 dicuntur
3242 4418 3325 4487 de

61 4544 447 4612 Eucharistia
503 4566 652 4610 cum
705 4546 798 4626 iis,
844 4566 1008 4633 quae
1047 4551 1267 4634 postea
1309 4564 1458 4607 cum
1500 4540 1693 4607 Patre
1735 4537 1871 4603 Des
1915 4538 2149 4604 Bosses
2202 4538 2693 4605 communicavit
2745 4533 2823 4601 de
2865 4533 2989 4602 hac
3038 4535 3179 4627 ipsa
3218 4557 3321 4605 re:

59 4684 160 4728 nec
199 4658 426 4727 latebit
467 4658 816 4727 discrimen.
905 4659 1241 4725 Praeterea
1284 4678 1363 4722 ex
1404 4655 1525 4722 hac
1567 4651 1866 4719 schedula
1914 4649 2161 4720 elucere
2212 4651 2367 4719 mihi
2410 4651 2682 4734 videtur,
2734 4674 2811 4718 eo
2855 4652 2993 4741 ipso
3036 4658 3324 4741 tempore

59 4776 484 4869 metaphysica
531 4778 670 4867 ejus
715 4772 1010 4865 dogmata
1051 4771 1332 4840 nondum
1375 4780 1526 4837 nota
1567 4770 1777 4849 fuisse,
1822 4769 1937 4833 etsi
1968 4765 2049 4833 ad
2090 4789 2165 4833 ea
2194 4767 2581 4857 respiciatur,
2626 4788 2791 4857 quae
2830 4768 2896 4835 in
2936 4764 3321 4855 dissertatio·

61 4894 220 4960 nibus
266 4892 352 4961 de
397 4902 586 4959 motu
629 4889 938 4957 abstracto
995 4898 1060 4955 et
1101 4897 1395 4955 concreto
1454 4884 1769 4952 docuerat.
1858 4881 2155 4972 Denique
2210 4891 2283 4948 ut
2323 4880 2491 4949 hunc
2532 4884 2743 4974 ipsum
2798 4883 2857 4949 ei
2902 4880 3321 4949 adscribet-em

27 4985 36 4993 ⁹
65 5006 274 5091 locum,
315 5008 524 5075 suasit
551 5014 996 5097 argumentum
1025 5002 1433 5071 articulorum
1462 5001 1880 5092 sequentium,
1924 5021 2074 5066 cum
2118 4996 2343 5089 quibus
2386 5006 2555 5065 arcte
2582 4996 2981 5079 cohaereant,
3024 5018 3189 5088 quae
3216 4993 3321 5061 hic

73 5118 138 5187 de
171 5146 512 5215 corporum
557 5123 919 5189 extensione
961 5118 1214 5187 dixerat.

2607 5250 2643 5293 c
