<?xml version="1.0" encoding="UTF-8"?>
<!DOCTYPE html PUBLIC "-//W3C//DTD XHTML 1.0 Transitional//EN"
    "http://www.w3.org/TR/xhtml1/DTD/xhtml1-transitional.dtd">
<html xmlns="http://www.w3.org/1999/xhtml" xml:lang="en" lang="en">
 <head>
  <title>
</title>
<meta http-equiv="Content-Type" content="text/html;charset=utf-8" />
  <meta name='ocr-system' content='tesseract 3.04.00' />
  <meta name='ocr-capabilities' content='ocr_page ocr_carea ocr_par ocr_line ocrx_word'/>
</head>
<body>
  <div class='ocr_page' id='page_1' title='image "./godguilleibniti00erdmgoog_0696.png"; bbox 0 0 3717 5850; ppageno 0'>
   <div class='ocr_carea' id='block_1_1' title="bbox 271 350 526 418">
    <p class='ocr_par' dir='ltr' id='par_1_1' title="bbox 271 350 526 418">
     <span class='ocr_line' id='line_1_1' title="bbox 271 350 526 418; baseline 0.02 -6"><span class='ocrx_word' id='word_1_1' title='bbox 271 350 526 418; x_wconf 72' lang='lat'>,654</span> 
     </span>
    </p>
   </div>
   <div class='ocr_carea' id='block_1_2' title="bbox 401 476 2003 1007">
    <p class='ocr_par' dir='ltr' id='par_1_2' title="bbox 401 476 2003 1007">
     <span class='ocr_line' id='line_1_2' title="bbox 401 476 2001 575; baseline -0.014 -21"><span class='ocrx_word' id='word_1_2' title='bbox 401 515 528 575; x_wconf 77' lang='lat' dir='ltr'>gros</span> <span class='ocrx_word' id='word_1_3' title='bbox 564 488 810 552; x_wconf 87' lang='lat' dir='ltr'>Mundos</span> <span class='ocrx_word' id='word_1_4' title='bbox 848 483 1136 561; x_wconf 85' lang='lat' dir='ltr'>possibiles</span> <span class='ocrx_word' id='word_1_5' title='bbox 1175 478 1448 554; x_wconf 78' lang='lat' dir='ltr'>infinitos,</span> <span class='ocrx_word' id='word_1_6' title='bbox 1489 494 1725 550; x_wconf 88' lang='lat' dir='ltr'>quornm</span> <span class='ocrx_word' id='word_1_7' title='bbox 1765 476 2001 551; x_wconf 80' lang='lat' dir='ltr'><strong>quilibet</strong></span> 
     </span>
     <span class='ocr_line' id='line_1_3' title="bbox 401 564 1999 651; baseline -0.013 -13"><span class='ocrx_word' id='word_1_8' title='bbox 401 590 524 645; x_wconf 79' lang='lat' dir='ltr'>Deo</span> <span class='ocrx_word' id='word_1_9' title='bbox 563 585 648 636; x_wconf 87' lang='lat' dir='ltr'>est</span> <span class='ocrx_word' id='word_1_10' title='bbox 687 577 924 651; x_wconf 74' lang='lat' dir='ltr'><strong>perfecte</strong></span> <span class='ocrx_word' id='word_1_11' title='bbox 961 572 1242 645; x_wconf 83' lang='lat' dir='ltr'>cognitus,</span> <span class='ocrx_word' id='word_1_12' title='bbox 1293 567 1396 623; x_wconf 85' lang='lat' dir='ltr'>etsi</span> <span class='ocrx_word' id='word_1_13' title='bbox 1436 582 1508 621; x_wconf 82' lang='lat' dir='ltr'>ex</span> <span class='ocrx_word' id='word_1_14' title='bbox 1551 568 1662 621; x_wconf 87' lang='lat' dir='ltr'>illis</span> <span class='ocrx_word' id='word_1_15' title='bbox 1693 582 1836 639; x_wconf 88' lang='lat' dir='ltr'>non,</span> <span class='ocrx_word' id='word_1_16' title='bbox 1890 564 1999 619; x_wconf 88' lang='lat' dir='ltr'>nisi</span> 
     </span>
     <span class='ocr_line' id='line_1_4' title="bbox 405 652 2000 740; baseline -0.015 -10"><span class='ocrx_word' id='word_1_17' title='bbox 405 674 618 740; x_wconf 81' lang='lat' dir='ltr'>unicus,</span> <span class='ocrx_word' id='word_1_18' title='bbox 645 666 716 721; x_wconf 87' lang='lat' dir='ltr'>ad</span> <span class='ocrx_word' id='word_1_19' title='bbox 747 662 1098 719; x_wconf 73' lang='lat' dir='ltr'>existentiam</span> <span class='ocrx_word' id='word_1_20' title='bbox 1127 654 1482 731; x_wconf 81' lang='lat' dir='ltr'>perducatur:</span> <span class='ocrx_word' id='word_1_21' title='bbox 1515 668 1691 725; x_wconf 82' lang='lat' dir='ltr'>neque</span> <span class='ocrx_word' id='word_1_22' title='bbox 1711 654 1858 708; x_wconf 79' lang='lat' dir='ltr'>anim</span> <span class='ocrx_word' id='word_1_23' title='bbox 1882 652 2000 724; x_wconf 88' lang='lat' dir='ltr'>plu-</span> 
     </span>
     <span class='ocr_line' id='line_1_5' title="bbox 407 740 2001 818; baseline -0.013 -4"><span class='ocrx_word' id='word_1_24' title='bbox 407 777 496 818; x_wconf 86' lang='lat' dir='ltr'>res</span> <span class='ocrx_word' id='word_1_25' title='bbox 525 753 768 812; x_wconf 86' lang='lat' dir='ltr'>Mundos</span> <span class='ocrx_word' id='word_1_26' title='bbox 804 750 1041 805; x_wconf 67' lang='lat' dir='ltr'>actuales</span> <span class='ocrx_word' id='word_1_27' title='bbox 1081 746 1210 815; x_wconf 77' lang='lat' dir='ltr'>tingi</span> <span class='ocrx_word' id='word_1_28' title='bbox 1253 744 1325 799; x_wconf 89' lang='lat' dir='ltr'>ad</span> <span class='ocrx_word' id='word_1_29' title='bbox 1355 759 1470 797; x_wconf 86' lang='lat' dir='ltr'>rem</span> <span class='ocrx_word' id='word_1_30' title='bbox 1501 740 1660 814; x_wconf 77' lang='lat' dir='ltr'>facit,</span> <span class='ocrx_word' id='word_1_31' title='bbox 1703 757 1826 795; x_wconf 88' lang='lat' dir='ltr'>cum</span> <span class='ocrx_word' id='word_1_32' title='bbox 1860 756 2001 794; x_wconf 89' lang='lat' dir='ltr'>unus</span> 
     </span>
     <span class='ocr_line' id='line_1_6' title="bbox 407 826 2003 903; baseline -0.014 0"><span class='ocrx_word' id='word_1_33' title='bbox 407 846 576 903; x_wconf 87' lang='lat' dir='ltr'>nobis</span> <span class='ocrx_word' id='word_1_34' title='bbox 615 846 794 897; x_wconf 87' lang='lat' dir='ltr'>totam</span> <span class='ocrx_word' id='word_1_35' title='bbox 823 834 1244 893; x_wconf 85' lang='lat' dir='ltr'>Universitatem</span> <span class='ocrx_word' id='word_1_36' title='bbox 1287 830 1672 887; x_wconf 82' lang='lat' dir='ltr'>Creaturarum</span> <span class='ocrx_word' id='word_1_37' title='bbox 1713 826 2003 896; x_wconf 84' lang='lat' dir='ltr'>cujuscun-</span> 
     </span>
     <span class='ocr_line' id='line_1_7' title="bbox 409 916 2003 1007; baseline -0.013 -18"><span class='ocrx_word' id='word_1_38' title='bbox 409 950 518 1007; x_wconf 88' lang='lat' dir='ltr'>que</span> <span class='ocrx_word' id='word_1_39' title='bbox 545 930 656 987; x_wconf 88' lang='lat' dir='ltr'>loci</span> <span class='ocrx_word' id='word_1_40' title='bbox 685 932 743 982; x_wconf 85' lang='lat' dir='ltr'>et</span> <span class='ocrx_word' id='word_1_41' title='bbox 771 924 1038 997; x_wconf 89' lang='lat' dir='ltr'>temporis</span> <span class='ocrx_word' id='word_1_42' title='bbox 1065 919 1474 993; x_wconf 77' lang='lat' dir='ltr'><strong>complectatur,</strong></span> <span class='ocrx_word' id='word_1_43' title='bbox 1504 933 1678 989; x_wconf 86' lang='lat' dir='ltr'>coque</span> <span class='ocrx_word' id='word_1_44' title='bbox 1706 931 1869 972; x_wconf 85' lang='lat' dir='ltr'>sensu</span> <span class='ocrx_word' id='word_1_45' title='bbox 1898 916 2003 970; x_wconf 91' lang='lat' dir='ltr'>hoc</span> 
     </span>
    </p>
   </div>
   <div class='ocr_carea' id='block_1_3' title="bbox 409 1011 2006 1610">
    <p class='ocr_par' dir='ltr' id='par_1_3' title="bbox 409 1011 1493 1079">
     <span class='ocr_line' id='line_1_8' title="bbox 409 1011 1493 1079; baseline -0.019 1"><span class='ocrx_word' id='word_1_46' title='bbox 409 1024 536 1079; x_wconf 87' lang='lat' dir='ltr'>loco</span> <span class='ocrx_word' id='word_1_47' title='bbox 565 1014 804 1075; x_wconf 85' lang='lat' dir='ltr'>Mundi</span> <span class='ocrx_word' id='word_1_48' title='bbox 832 1011 1158 1069; x_wconf 89' lang='lat' dir='ltr'>vocabulum</span> <span class='ocrx_word' id='word_1_49' title='bbox 1187 1012 1493 1079; x_wconf 86' lang='lat' dir='ltr'>usurpatur.</span> 
     </span>
    </p>

    <p class='ocr_par' dir='ltr' id='par_1_4' title="bbox 411 1087 2006 1610">
     <span class='ocr_line' id='line_1_9' title="bbox 507 1087 2004 1167; baseline -0.014 -4"><span class='ocrx_word' id='word_1_50' title='bbox 507 1108 538 1163; x_wconf 95' lang='grc'><strong>1</strong></span> <span class='ocrx_word' id='word_1_51' title='bbox 549 1108 604 1162; x_wconf 88' lang='grc'>6.</span> <span class='ocrx_word' id='word_1_52' title='bbox 617 1101 852 1159; x_wconf 88' lang='lat' dir='ltr'>Scientia</span> <span class='ocrx_word' id='word_1_53' title='bbox 865 1098 1198 1167; x_wconf 83' lang='lat' dir='ltr'>Actualium,</span> <span class='ocrx_word' id='word_1_54' title='bbox 1212 1110 1309 1149; x_wconf 90' lang='lat' dir='ltr'>seu</span> <span class='ocrx_word' id='word_1_55' title='bbox 1321 1092 1524 1148; x_wconf 84' lang='lat' dir='ltr'>Mundi</span> <span class='ocrx_word' id='word_1_56' title='bbox 1551 1090 1624 1146; x_wconf 88' lang='lat' dir='ltr'>ad</span> <span class='ocrx_word' id='word_1_57' title='bbox 1653 1087 2004 1145; x_wconf 75' lang='lat' dir='ltr'><strong>existentiam</strong></span> 
     </span>
     <span class='ocr_line' id='line_1_10' title="bbox 411 1180 2003 1272; baseline -0.013 -21"><span class='ocrx_word' id='word_1_58' title='bbox 411 1192 692 1272; x_wconf 82' lang='lat' dir='ltr'>perducti,</span> <span class='ocrx_word' id='word_1_59' title='bbox 731 1195 789 1245; x_wconf 90' lang='lat' dir='ltr'>et</span> <span class='ocrx_word' id='word_1_60' title='bbox 817 1186 1062 1244; x_wconf 75' lang='lat' dir='ltr'>oninium</span> <span class='ocrx_word' id='word_1_61' title='bbox 1092 1185 1150 1239; x_wconf 91' lang='lat' dir='ltr'>in</span> <span class='ocrx_word' id='word_1_62' title='bbox 1171 1199 1238 1237; x_wconf 92' lang='lat' dir='ltr'>eo</span> <span class='ocrx_word' id='word_1_63' title='bbox 1268 1180 1719 1253; x_wconf 81' lang='lat' dir='ltr'>praeteritorum,</span> <span class='ocrx_word' id='word_1_64' title='bbox 1749 1192 2003 1249; x_wconf 66' lang='lat' dir='ltr'>praesen-</span> 
     </span>
     <span class='ocr_line' id='line_1_11' title="bbox 413 1264 2003 1344; baseline -0.014 -3"><span class='ocrx_word' id='word_1_65' title='bbox 413 1284 556 1341; x_wconf 87' lang='lat' dir='ltr'>tium</span> <span class='ocrx_word' id='word_1_66' title='bbox 585 1284 642 1337; x_wconf 87' lang='lat' dir='ltr'>et</span> <span class='ocrx_word' id='word_1_67' title='bbox 670 1280 1008 1344; x_wconf 80' lang='lat' dir='ltr'>futurorum,</span> <span class='ocrx_word' id='word_1_68' title='bbox 1052 1274 1275 1327; x_wconf 81' lang='lat' dir='ltr'>vocatur</span> <span class='ocrx_word' id='word_1_69' title='bbox 1311 1267 1627 1323; x_wconf 88' lang='lat' dir='ltr'>Scientia</span> <span class='ocrx_word' id='word_1_70' title='bbox 1666 1264 2003 1321; x_wconf 78' lang='lat' dir='ltr'>visionis:</span> 
     </span>
     <span class='ocr_line' id='line_1_12' title="bbox 411 1350 2006 1431; baseline -0.014 -5"><span class='ocrx_word' id='word_1_71' title='bbox 411 1388 516 1431; x_wconf 80' lang='lat' dir='ltr'>nec</span> <span class='ocrx_word' id='word_1_72' title='bbox 554 1368 742 1424; x_wconf 80' lang='lat' dir='ltr'>differt</span> <span class='ocrx_word' id='word_1_73' title='bbox 780 1380 816 1419; x_wconf 87' lang='lat' dir='ltr'>a</span> <span class='ocrx_word' id='word_1_74' title='bbox 842 1360 1077 1417; x_wconf 88' lang='lat' dir='ltr'>Scientia</span> <span class='ocrx_word' id='word_1_75' title='bbox 1115 1356 1380 1429; x_wconf 88' lang='lat' dir='ltr'>simplicis</span> <span class='ocrx_word' id='word_1_76' title='bbox 1421 1353 1817 1425; x_wconf 76' lang='lat' dir='ltr'>intelligentiae</span> <span class='ocrx_word' id='word_1_77' title='bbox 1845 1350 2006 1421; x_wconf 88' lang='lat' dir='ltr'>hujus</span> 
     </span>
     <span class='ocr_line' id='line_1_13' title="bbox 413 1437 2006 1532; baseline -0.014 -17"><span class='ocrx_word' id='word_1_78' title='bbox 413 1457 590 1532; x_wconf 82' lang='lat' dir='ltr'>ipsius</span> <span class='ocrx_word' id='word_1_79' title='bbox 631 1450 866 1523; x_wconf 83' lang='lat' dir='ltr'>Mundi,</span> <span class='ocrx_word' id='word_1_80' title='bbox 919 1445 1146 1519; x_wconf 84' lang='lat' dir='ltr'>spectati</span> <span class='ocrx_word' id='word_1_81' title='bbox 1187 1448 1250 1499; x_wconf 86' lang='lat' dir='ltr'>ut</span> <span class='ocrx_word' id='word_1_82' title='bbox 1279 1442 1590 1517; x_wconf 81' lang='lat' dir='ltr'>possibilis,</span> <span class='ocrx_word' id='word_1_83' title='bbox 1638 1456 1808 1512; x_wconf 90' lang='lat' dir='ltr'>quam</span> <span class='ocrx_word' id='word_1_84' title='bbox 1853 1437 2006 1510; x_wconf 86' lang='lat' dir='ltr'>quod</span> 
     </span>
     <span class='ocr_line' id='line_1_14' title="bbox 414 1525 2005 1610; baseline -0.016 -4"><span class='ocrx_word' id='word_1_85' title='bbox 414 1544 624 1605; x_wconf 77' lang='lat' dir='ltr'>amedit</span> <span class='ocrx_word' id='word_1_86' title='bbox 647 1538 890 1610; x_wconf 73' lang='lat' dir='ltr'>cognitio</span> <span class='ocrx_word' id='word_1_87' title='bbox 919 1534 1195 1603; x_wconf 68' lang='lat' dir='ltr'>reflexim,</span> <span class='ocrx_word' id='word_1_88' title='bbox 1225 1547 1334 1603; x_wconf 79' lang='lat' dir='ltr'>que</span> <span class='ocrx_word' id='word_1_89' title='bbox 1365 1531 1510 1585; x_wconf 86' lang='lat' dir='ltr'>Deus</span> <span class='ocrx_word' id='word_1_90' title='bbox 1539 1528 1696 1584; x_wconf 74' lang='lat' dir='ltr'>novit</span> <span class='ocrx_word' id='word_1_91' title='bbox 1724 1542 1884 1583; x_wconf 82' lang='lat' dir='ltr'>suum</span> <span class='ocrx_word' id='word_1_92' title='bbox 1912 1525 2005 1582; x_wconf 89' lang='lat' dir='ltr'>de·</span> 
     </span>
    </p>
   </div>
   <div class='ocr_carea' id='block_1_4' title="bbox 413 1614 2049 1697">
    <p class='ocr_par' dir='ltr' id='par_1_5' title="bbox 413 1614 2049 1697">
     <span class='ocr_line' id='line_1_15' title="bbox 413 1614 2049 1697; baseline -0.013 -6"><span class='ocrx_word' id='word_1_93' title='bbox 413 1638 628 1691; x_wconf 65' lang='lat' dir='ltr'>cetum</span> <span class='ocrx_word' id='word_1_94' title='bbox 679 1628 748 1683; x_wconf 88' lang='lat' dir='ltr'>de</span> <span class='ocrx_word' id='word_1_95' title='bbox 791 1626 918 1697; x_wconf 87' lang='lat' dir='ltr'>ipso</span> <span class='ocrx_word' id='word_1_96' title='bbox 957 1622 1030 1679; x_wconf 90' lang='lat' dir='ltr'>ad</span> <span class='ocrx_word' id='word_1_97' title='bbox 1061 1620 1408 1677; x_wconf 74' lang='lat' dir='ltr'>existentiam</span> <span class='ocrx_word' id='word_1_98' title='bbox 1441 1616 1801 1691; x_wconf 86' lang='lat' dir='ltr'>perducendo.</span> <span class='ocrx_word' id='word_1_99' title='bbox 1893 1614 2007 1671; x_wconf 88' lang='lat' dir='ltr'>Nec</span> <span class='ocrx_word' id='word_1_100' title='bbox 2044 1663 2049 1692; x_wconf 41' lang='lat'><em>=</em></span> 
     </span>
    </p>
   </div>
   <div class='ocr_carea' id='block_1_5' title="bbox 409 1704 2016 5020">
    <p class='ocr_par' dir='ltr' id='par_1_6' title="bbox 413 1704 2007 1790">
     <span class='ocr_line' id='line_1_16' title="bbox 413 1704 2007 1790; baseline -0.013 -13"><span class='ocrx_word' id='word_1_101' title='bbox 413 1720 528 1777; x_wconf 82' lang='lat' dir='ltr'>alio</span> <span class='ocrx_word' id='word_1_102' title='bbox 559 1732 699 1790; x_wconf 87' lang='lat' dir='ltr'>opus</span> <span class='ocrx_word' id='word_1_103' title='bbox 729 1716 812 1768; x_wconf 86' lang='lat' dir='ltr'>est</span> <span class='ocrx_word' id='word_1_104' title='bbox 839 1710 1060 1767; x_wconf 88' lang='lat' dir='ltr'>divinae</span> <span class='ocrx_word' id='word_1_105' title='bbox 1087 1704 1604 1781; x_wconf 83' lang='lat' dir='ltr'>praescientiae</span> <span class='ocrx_word' id='word_1_106' title='bbox 1632 1704 2007 1759; x_wconf 79' lang='lat' dir='ltr'>fundamento.</span> 
     </span>
    </p>

    <p class='ocr_par' dir='ltr' id='par_1_7' title="bbox 415 1790 2015 3184">
     <span class='ocr_line' id='line_1_17' title="bbox 512 1790 2008 1865; baseline -0.011 -4"><span class='ocrx_word' id='word_1_107' title='bbox 512 1805 610 1862; x_wconf 84' lang='grc'>17.</span> <span class='ocrx_word' id='word_1_108' title='bbox 649 1798 964 1859; x_wconf 83' lang='lat' dir='ltr'>Scientia</span> <span class='ocrx_word' id='word_1_109' title='bbox 1010 1796 1170 1865; x_wconf 83' lang='lat' dir='ltr'>vulgo</span> <span class='ocrx_word' id='word_1_110' title='bbox 1200 1794 1344 1849; x_wconf 86' lang='lat' dir='ltr'>dicta</span> <span class='ocrx_word' id='word_1_111' title='bbox 1383 1791 1650 1865; x_wconf 82' lang='lat' dir='ltr'>Media,</span> <span class='ocrx_word' id='word_1_112' title='bbox 1693 1791 1796 1847; x_wconf 90' lang='lat' dir='ltr'>sub</span> <span class='ocrx_word' id='word_1_113' title='bbox 1823 1790 2008 1845; x_wconf 89' lang='lat' dir='ltr'>Scien-</span> 
     </span>
     <span class='ocr_line' id='line_1_18' title="bbox 416 1878 2008 1961; baseline -0.013 -11"><span class='ocrx_word' id='word_1_114' title='bbox 416 1895 498 1953; x_wconf 85' lang='lat' dir='ltr'>tia</span> <span class='ocrx_word' id='word_1_115' title='bbox 559 1889 826 1961; x_wconf 82' lang='lat' dir='ltr'>simplicis</span> <span class='ocrx_word' id='word_1_116' title='bbox 887 1882 1280 1955; x_wconf 72' lang='lat' dir='ltr'>intelligentiae</span> <span class='ocrx_word' id='word_1_117' title='bbox 1349 1878 1854 1952; x_wconf 82' lang='lat' dir='ltr'>comprehenditur,</span> <span class='ocrx_word' id='word_1_118' title='bbox 1920 1892 2008 1949; x_wconf 91' lang='lat' dir='ltr'>eo,</span> 
     </span>
     <span class='ocr_line' id='line_1_19' title="bbox 415 1965 2009 2054; baseline -0.011 -18"><span class='ocrx_word' id='word_1_119' title='bbox 415 1996 582 2054; x_wconf 86' lang='lat' dir='ltr'>quem</span> <span class='ocrx_word' id='word_1_120' title='bbox 607 1976 986 2049; x_wconf 79' lang='lat' dir='ltr'>exposuimus,</span> <span class='ocrx_word' id='word_1_121' title='bbox 1015 1987 1192 2027; x_wconf 84' lang='lat' dir='ltr'>sensu.</span> <span class='ocrx_word' id='word_1_122' title='bbox 1263 1969 1320 2025; x_wconf 90' lang='lat' dir='ltr'>Si</span> <span class='ocrx_word' id='word_1_123' title='bbox 1349 1968 1472 2039; x_wconf 88' lang='lat' dir='ltr'>quis</span> <span class='ocrx_word' id='word_1_124' title='bbox 1502 1972 1686 2023; x_wconf 85' lang='lat' dir='ltr'>tamen</span> <span class='ocrx_word' id='word_1_125' title='bbox 1716 1965 2009 2024; x_wconf 83' lang='lat' dir='ltr'>Seientiam</span> 
     </span>
     <span class='ocr_line' id='line_1_20' title="bbox 416 2053 2010 2139; baseline -0.011 -16"><span class='ocrx_word' id='word_1_126' title='bbox 416 2068 664 2139; x_wconf 78' lang='lat' dir='ltr'>aliquam</span> <span class='ocrx_word' id='word_1_127' title='bbox 693 2062 938 2121; x_wconf 82' lang='lat' dir='ltr'>Mediam</span> <span class='ocrx_word' id='word_1_128' title='bbox 975 2058 1110 2115; x_wconf 88' lang='lat' dir='ltr'>velit</span> <span class='ocrx_word' id='word_1_129' title='bbox 1147 2058 1291 2113; x_wconf 87' lang='lat' dir='ltr'>inter</span> <span class='ocrx_word' id='word_1_130' title='bbox 1317 2055 1610 2111; x_wconf 83' lang='lat' dir='ltr'>Scientiam</span> <span class='ocrx_word' id='word_1_131' title='bbox 1639 2053 1903 2127; x_wconf 83' lang='lat' dir='ltr'>simplicis</span> <span class='ocrx_word' id='word_1_132' title='bbox 1930 2053 2010 2107; x_wconf 89' lang='lat' dir='ltr'>in-</span> 
     </span>
     <span class='ocr_line' id='line_1_21' title="bbox 420 2140 2011 2225; baseline -0.012 -13"><span class='ocrx_word' id='word_1_133' title='bbox 420 2152 782 2225; x_wconf 77' lang='lat' dir='ltr'>telligentiae,</span> <span class='ocrx_word' id='word_1_134' title='bbox 825 2152 882 2203; x_wconf 92' lang='lat' dir='ltr'>et</span> <span class='ocrx_word' id='word_1_135' title='bbox 909 2144 1201 2203; x_wconf 78' lang='lat' dir='ltr'>scientiam</span> <span class='ocrx_word' id='word_1_136' title='bbox 1241 2144 1498 2214; x_wconf 80' lang='lat' dir='ltr'>visionis3</span> <span class='ocrx_word' id='word_1_137' title='bbox 1539 2142 1744 2215; x_wconf 87' lang='lat' dir='ltr'>poterit</span> <span class='ocrx_word' id='word_1_138' title='bbox 1770 2146 1827 2196; x_wconf 86' lang='lat' dir='ltr'>ct</span> <span class='ocrx_word' id='word_1_139' title='bbox 1855 2140 2011 2197; x_wconf 82' lang='lat' dir='ltr'>illam</span> 
     </span>
     <span class='ocr_line' id='line_1_22' title="bbox 417 2228 2013 2304; baseline -0.011 -5"><span class='ocrx_word' id='word_1_140' title='bbox 417 2247 476 2299; x_wconf 86' lang='lat' dir='ltr'>et</span> <span class='ocrx_word' id='word_1_141' title='bbox 495 2240 736 2297; x_wconf 80' lang='lat' dir='ltr'>Mediam</span> <span class='ocrx_word' id='word_1_142' title='bbox 763 2238 928 2294; x_wconf 87' lang='lat' dir='ltr'>aliter</span> <span class='ocrx_word' id='word_1_143' title='bbox 947 2234 1250 2304; x_wconf 80' lang='lat' dir='ltr'>concipere,</span> <span class='ocrx_word' id='word_1_144' title='bbox 1272 2247 1438 2303; x_wconf 87' lang='lat' dir='ltr'>quam</span> <span class='ocrx_word' id='word_1_145' title='bbox 1464 2232 1628 2302; x_wconf 82' lang='lat' dir='ltr'>vulgo</span> <span class='ocrx_word' id='word_1_146' title='bbox 1649 2230 1847 2303; x_wconf 84' lang='lat' dir='ltr'>solent,</span> <span class='ocrx_word' id='word_1_147' title='bbox 1868 2228 2013 2285; x_wconf 78' lang='lat' dir='ltr'>scili·</span> 
     </span>
     <span class='ocr_line' id='line_1_23' title="bbox 417 2316 2013 2385; baseline -0.01 1"><span class='ocrx_word' id='word_1_148' title='bbox 417 2333 510 2385; x_wconf 80' lang='lat' dir='ltr'>eet</span> <span class='ocrx_word' id='word_1_149' title='bbox 558 2332 620 2384; x_wconf 87' lang='lat' dir='ltr'>ut</span> <span class='ocrx_word' id='word_1_150' title='bbox 647 2326 843 2383; x_wconf 83' lang='lat' dir='ltr'>Media</span> <span class='ocrx_word' id='word_1_151' title='bbox 895 2338 1010 2378; x_wconf 85' lang='lat' dir='ltr'>non</span> <span class='ocrx_word' id='word_1_152' title='bbox 1059 2326 1274 2376; x_wconf 82' lang='lat' dir='ltr'>tentum</span> <span class='ocrx_word' id='word_1_153' title='bbox 1325 2318 1396 2374; x_wconf 86' lang='lat' dir='ltr'>de</span> <span class='ocrx_word' id='word_1_154' title='bbox 1445 2319 1642 2375; x_wconf 77' lang='lat' dir='ltr'>futuris</span> <span class='ocrx_word' id='word_1_155' title='bbox 1682 2318 1786 2374; x_wconf 90' lang='lat' dir='ltr'>sub</span> <span class='ocrx_word' id='word_1_156' title='bbox 1826 2316 2013 2372; x_wconf 88' lang='lat' dir='ltr'>condi·</span> 
     </span>
     <span class='ocr_line' id='line_1_24' title="bbox 419 2406 2013 2487; baseline -0.011 -13"><span class='ocrx_word' id='word_1_157' title='bbox 419 2418 602 2487; x_wconf 89' lang='lat' dir='ltr'>tione,</span> <span class='ocrx_word' id='word_1_158' title='bbox 643 2413 740 2469; x_wconf 90' lang='lat' dir='ltr'>sed</span> <span class='ocrx_word' id='word_1_159' title='bbox 781 2416 838 2467; x_wconf 91' lang='lat' dir='ltr'>et</span> <span class='ocrx_word' id='word_1_160' title='bbox 879 2411 938 2465; x_wconf 90' lang='lat' dir='ltr'>in</span> <span class='ocrx_word' id='word_1_161' title='bbox 975 2408 1290 2465; x_wconf 80' lang='lat' dir='ltr'>universum</span> <span class='ocrx_word' id='word_1_162' title='bbox 1319 2406 1388 2463; x_wconf 90' lang='lat' dir='ltr'>de</span> <span class='ocrx_word' id='word_1_163' title='bbox 1415 2406 1770 2477; x_wconf 86' lang='lat' dir='ltr'>possibilibus</span> <span class='ocrx_word' id='word_1_164' title='bbox 1799 2406 2013 2462; x_wconf 87' lang='lat' dir='ltr'>contin-</span> 
     </span>
     <span class='ocr_line' id='line_1_25' title="bbox 419 2491 2012 2575; baseline -0.009 -15"><span class='ocrx_word' id='word_1_165' title='bbox 419 2503 672 2575; x_wconf 87' lang='lat' dir='ltr'>gentibus</span> <span class='ocrx_word' id='word_1_166' title='bbox 714 2500 1022 2571; x_wconf 83' lang='lat' dir='ltr'>accipiatur.</span> <span class='ocrx_word' id='word_1_167' title='bbox 1113 2498 1200 2552; x_wconf 89' lang='lat' dir='ltr'>lta</span> <span class='ocrx_word' id='word_1_168' title='bbox 1237 2494 1471 2550; x_wconf 86' lang='lat' dir='ltr'>Scientia</span> <span class='ocrx_word' id='word_1_169' title='bbox 1507 2493 1770 2565; x_wconf 87' lang='lat' dir='ltr'>simplicis</span> <span class='ocrx_word' id='word_1_170' title='bbox 1813 2491 2012 2548; x_wconf 87' lang='lat' dir='ltr'>intelli-</span> 
     </span>
     <span class='ocr_line' id='line_1_26' title="bbox 419 2579 2012 2662; baseline -0.009 -15"><span class='ocrx_word' id='word_1_171' title='bbox 419 2592 638 2662; x_wconf 78' lang='lat' dir='ltr'>gentiae</span> <span class='ocrx_word' id='word_1_172' title='bbox 661 2587 967 2643; x_wconf 85' lang='lat' dir='ltr'>restrictius</span> <span class='ocrx_word' id='word_1_173' title='bbox 995 2586 1266 2655; x_wconf 88' lang='lat' dir='ltr'>sumetur,</span> <span class='ocrx_word' id='word_1_174' title='bbox 1299 2596 1496 2653; x_wconf 86' lang='lat' dir='ltr'>nempe</span> <span class='ocrx_word' id='word_1_175' title='bbox 1523 2586 1584 2637; x_wconf 87' lang='lat' dir='ltr'>ut</span> <span class='ocrx_word' id='word_1_176' title='bbox 1613 2586 1739 2647; x_wconf 81' lang='lat' dir='ltr'>agat</span> <span class='ocrx_word' id='word_1_177' title='bbox 1769 2579 1838 2634; x_wconf 90' lang='lat' dir='ltr'>de</span> <span class='ocrx_word' id='word_1_178' title='bbox 1868 2580 2012 2635; x_wconf 87' lang='lat' dir='ltr'>veri-</span> 
     </span>
     <span class='ocr_line' id='line_1_27' title="bbox 422 2665 2015 2750; baseline -0.01 -13"><span class='ocrx_word' id='word_1_179' title='bbox 422 2679 634 2737; x_wconf 76' lang='lat' dir='ltr'>tatibus</span> <span class='ocrx_word' id='word_1_180' title='bbox 673 2674 1028 2750; x_wconf 82' lang='lat' dir='ltr'>possibi&#39;libus</span> <span class='ocrx_word' id='word_1_181' title='bbox 1067 2675 1126 2725; x_wconf 89' lang='lat' dir='ltr'>et</span> <span class='ocrx_word' id='word_1_182' title='bbox 1163 2668 1508 2739; x_wconf 79' lang='lat' dir='ltr'>necessariis3</span> <span class='ocrx_word' id='word_1_183' title='bbox 1551 2667 1786 2737; x_wconf 75' lang='lat' dir='ltr'>Scientia</span> <span class='ocrx_word' id='word_1_184' title='bbox 1827 2665 2015 2722; x_wconf 88' lang='lat' dir='ltr'>Media</span> 
     </span>
     <span class='ocr_line' id='line_1_28' title="bbox 419 2754 2013 2833; baseline -0.01 -9"><span class='ocrx_word' id='word_1_185' title='bbox 419 2769 492 2824; x_wconf 87' lang='lat' dir='ltr'>de</span> <span class='ocrx_word' id='word_1_186' title='bbox 520 2764 842 2822; x_wconf 81' lang='lat' dir='ltr'>veritatibus</span> <span class='ocrx_word' id='word_1_187' title='bbox 870 2757 1228 2833; x_wconf 79' lang='lat' dir='ltr'>possibilibus</span> <span class='ocrx_word' id='word_1_188' title='bbox 1257 2762 1312 2811; x_wconf 88' lang='lat' dir='ltr'>et</span> <span class='ocrx_word' id='word_1_189' title='bbox 1340 2756 1802 2827; x_wconf 82' lang='lat' dir='ltr'>contingentibus,</span> <span class='ocrx_word' id='word_1_190' title='bbox 1833 2754 2013 2811; x_wconf 84' lang='lat' dir='ltr'>Scien-</span> 
     </span>
     <span class='ocr_line' id='line_1_29' title="bbox 421 2841 2013 2913; baseline -0.009 -2"><span class='ocrx_word' id='word_1_191' title='bbox 421 2855 502 2911; x_wconf 87' lang='lat' dir='ltr'>tia</span> <span class='ocrx_word' id='word_1_192' title='bbox 531 2852 758 2909; x_wconf 82' lang='lat' dir='ltr'>visionis</span> <span class='ocrx_word' id='word_1_193' title='bbox 786 2848 855 2904; x_wconf 91' lang='lat' dir='ltr'>de</span> <span class='ocrx_word' id='word_1_194' title='bbox 887 2846 1209 2903; x_wconf 85' lang='lat' dir='ltr'>veritatibus</span> <span class='ocrx_word' id='word_1_195' title='bbox 1238 2844 1678 2913; x_wconf 79' lang='lat' dir='ltr'>contingentibus</span> <span class='ocrx_word' id='word_1_196' title='bbox 1707 2846 1764 2897; x_wconf 91' lang='lat' dir='ltr'>et</span> <span class='ocrx_word' id='word_1_197' title='bbox 1784 2841 2013 2899; x_wconf 82' lang='lat' dir='ltr'>actuali-</span> 
     </span>
     <span class='ocr_line' id='line_1_30' title="bbox 420 2929 2014 3006; baseline -0.011 -5"><span class='ocrx_word' id='word_1_198' title='bbox 420 2943 540 3000; x_wconf 84' lang='lat' dir='ltr'>bus.</span> <span class='ocrx_word' id='word_1_199' title='bbox 597 2943 670 2996; x_wconf 85' lang='lat' dir='ltr'>Et</span> <span class='ocrx_word' id='word_1_200' title='bbox 699 2937 880 2994; x_wconf 82' lang='lat' dir='ltr'>media</span> <span class='ocrx_word' id='word_1_201' title='bbox 909 2951 1034 2991; x_wconf 91' lang='lat' dir='ltr'>cum</span> <span class='ocrx_word' id='word_1_202' title='bbox 1063 2934 1242 3006; x_wconf 88' lang='lat' dir='ltr'>prima</span> <span class='ocrx_word' id='word_1_203' title='bbox 1269 2947 1560 2988; x_wconf 87' lang='lat' dir='ltr'>commune</span> <span class='ocrx_word' id='word_1_204' title='bbox 1589 2931 1830 3004; x_wconf 90' lang='lat' dir='ltr'>habebit,</span> <span class='ocrx_word' id='word_1_205' title='bbox 1862 2929 2014 3004; x_wconf 87' lang='lat' dir='ltr'>quod</span> 
     </span>
     <span class='ocr_line' id='line_1_31' title="bbox 419 3018 2014 3097; baseline -0.009 -9"><span class='ocrx_word' id='word_1_206' title='bbox 419 3031 493 3088; x_wconf 88' lang='lat' dir='ltr'>de</span> <span class='ocrx_word' id='word_1_207' title='bbox 514 3027 834 3086; x_wconf 82' lang='lat' dir='ltr'>veritatibus</span> <span class='ocrx_word' id='word_1_208' title='bbox 857 3022 1211 3097; x_wconf 84' lang='lat' dir='ltr'>possibilibus</span> <span class='ocrx_word' id='word_1_209' title='bbox 1227 3021 1369 3092; x_wconf 80' lang='lat' dir='ltr'>agit3</span> <span class='ocrx_word' id='word_1_210' title='bbox 1399 3036 1526 3077; x_wconf 88' lang='lat' dir='ltr'>cum</span> <span class='ocrx_word' id='word_1_211' title='bbox 1549 3023 1842 3093; x_wconf 84' lang='lat' dir='ltr'>postrema,</span> <span class='ocrx_word' id='word_1_212' title='bbox 1866 3018 2014 3092; x_wconf 87' lang='lat' dir='ltr'>quod</span> 
     </span>
     <span class='ocr_line' id='line_1_32' title="bbox 417 3113 1316 3184; baseline -0.014 -7"><span class='ocrx_word' id='word_1_213' title='bbox 417 3119 492 3176; x_wconf 89' lang='lat' dir='ltr'>de</span> <span class='ocrx_word' id='word_1_214' title='bbox 513 3113 972 3184; x_wconf 78' lang='lat' dir='ltr'>contingentibus.</span> <span class='ocrx_word' id='word_1_215' title='bbox 1307 3155 1316 3164; x_wconf 82' lang='lat'><strong>.</strong></span> 
     </span>
    </p>

    <p class='ocr_par' dir='ltr' id='par_1_8' title="bbox 415 3193 2016 3780">
     <span class='ocr_line' id='line_1_33' title="bbox 518 3193 2015 3267; baseline -0.009 -6"><span class='ocrx_word' id='word_1_216' title='bbox 518 3205 616 3261; x_wconf 84' lang='lat'>18.</span> <span class='ocrx_word' id='word_1_217' title='bbox 649 3204 926 3260; x_wconf 74' lang='lat' dir='ltr'>Hactenus</span> <span class='ocrx_word' id='word_1_218' title='bbox 951 3197 1020 3256; x_wconf 89' lang='lat' dir='ltr'>de</span> <span class='ocrx_word' id='word_1_219' title='bbox 1047 3197 1238 3253; x_wconf 79' lang='lat' dir='ltr'>divina</span> <span class='ocrx_word' id='word_1_220' title='bbox 1266 3193 1680 3267; x_wconf 69' lang='lat' dir='ltr'>magnitudine,</span> <span class='ocrx_word' id='word_1_221' title='bbox 1713 3209 1856 3250; x_wconf 88' lang='lat' dir='ltr'>nunc</span> <span class='ocrx_word' id='word_1_222' title='bbox 1885 3208 2015 3263; x_wconf 80' lang='lat' dir='ltr'>aga·</span> 
     </span>
     <span class='ocr_line' id='line_1_34' title="bbox 417 3281 2016 3350; baseline -0.009 0"><span class='ocrx_word' id='word_1_223' title='bbox 417 3309 544 3350; x_wconf 88' lang='lat' dir='ltr'>mus</span> <span class='ocrx_word' id='word_1_224' title='bbox 571 3292 744 3347; x_wconf 81' lang='lat' dir='ltr'>etiam</span> <span class='ocrx_word' id='word_1_225' title='bbox 772 3289 843 3342; x_wconf 86' lang='lat' dir='ltr'>de</span> <span class='ocrx_word' id='word_1_226' title='bbox 883 3286 1138 3343; x_wconf 84' lang='lat' dir='ltr'>Divina</span> <span class='ocrx_word' id='word_1_227' title='bbox 1168 3283 1516 3342; x_wconf 81' lang='lat' dir='ltr'>Bonitate.</span> <span class='ocrx_word' id='word_1_228' title='bbox 1591 3281 1670 3337; x_wconf 90' lang='lat' dir='ltr'>Ut</span> <span class='ocrx_word' id='word_1_229' title='bbox 1703 3287 1891 3338; x_wconf 52' lang='lat' dir='ltr'>auti—m</span> <span class='ocrx_word' id='word_1_230' title='bbox 1920 3283 2016 3337; x_wconf 83' lang='lat' dir='ltr'>Sa-</span> 
     </span>
     <span class='ocr_line' id='line_1_35' title="bbox 419 3369 2011 3450; baseline -0.008 -15"><span class='ocrx_word' id='word_1_231' title='bbox 419 3377 662 3450; x_wconf 82' lang='lat' dir='ltr'>pientia,</span> <span class='ocrx_word' id='word_1_232' title='bbox 705 3391 800 3430; x_wconf 87' lang='lat' dir='ltr'>seu</span> <span class='ocrx_word' id='word_1_233' title='bbox 831 3374 947 3429; x_wconf 83' lang='lat' dir='ltr'>veri</span> <span class='ocrx_word' id='word_1_234' title='bbox 977 3370 1220 3442; x_wconf 76' lang='lat' dir='ltr'>cognitio</span> <span class='ocrx_word' id='word_1_235' title='bbox 1233 3407 1250 3440; x_wconf 92' lang='lat'>,</span> <span class='ocrx_word' id='word_1_236' title='bbox 1281 3373 1364 3424; x_wconf 73' lang='lat' dir='ltr'>est</span> <span class='ocrx_word' id='word_1_237' title='bbox 1394 3369 1656 3442; x_wconf 74' lang='lat' dir='ltr'>perfectio</span> <span class='ocrx_word' id='word_1_238' title='bbox 1685 3369 2011 3442; x_wconf 80' lang='lat' dir='ltr'>intellectus,</span> 
     </span>
     <span class='ocr_line' id='line_1_36' title="bbox 419 3456 2012 3533; baseline -0.006 -12"><span class='ocrx_word' id='word_1_239' title='bbox 419 3467 503 3522; x_wconf 89' lang='lat' dir='ltr'>ita</span> <span class='ocrx_word' id='word_1_240' title='bbox 531 3463 776 3533; x_wconf 75' lang='lat' dir='ltr'>Bonitas,</span> <span class='ocrx_word' id='word_1_241' title='bbox 805 3475 902 3516; x_wconf 73' lang='lat' dir='ltr'>serr</span> <span class='ocrx_word' id='word_1_242' title='bbox 933 3459 1066 3515; x_wconf 86' lang='lat' dir='ltr'>boni</span> <span class='ocrx_word' id='word_1_243' title='bbox 1095 3456 1382 3529; x_wconf 80' lang='lat' dir='ltr'>adpetitio,</span> <span class='ocrx_word' id='word_1_244' title='bbox 1412 3461 1496 3511; x_wconf 86' lang='lat' dir='ltr'>est</span> <span class='ocrx_word' id='word_1_245' title='bbox 1525 3456 1784 3530; x_wconf 73' lang='lat' dir='ltr'>perfectio</span> <span class='ocrx_word' id='word_1_246' title='bbox 1819 3458 2012 3514; x_wconf 86' lang='lat' dir='ltr'>volun-</span> 
     </span>
     <span class='ocr_line' id='line_1_37' title="bbox 419 3544 2011 3616; baseline -0.003 -10"><span class='ocrx_word' id='word_1_247' title='bbox 419 3551 566 3606; x_wconf 87' lang='lat' dir='ltr'>tatis.</span> <span class='ocrx_word' id='word_1_248' title='bbox 653 3549 728 3604; x_wconf 84' lang='lat' dir='ltr'>Et</span> <span class='ocrx_word' id='word_1_249' title='bbox 777 3547 960 3602; x_wconf 85' lang='lat' dir='ltr'>omnis</span> <span class='ocrx_word' id='word_1_250' title='bbox 1009 3544 1230 3616; x_wconf 88' lang='lat' dir='ltr'>quidem</span> <span class='ocrx_word' id='word_1_251' title='bbox 1285 3545 1536 3600; x_wconf 86' lang='lat' dir='ltr'>voluutas</span> <span class='ocrx_word' id='word_1_252' title='bbox 1587 3545 1794 3607; x_wconf 87' lang='lat' dir='ltr'>bonum</span> <span class='ocrx_word' id='word_1_253' title='bbox 1843 3545 2011 3601; x_wconf 82' lang='lat' dir='ltr'>habet</span> 
     </span>
     <span class='ocr_line' id='line_1_38' title="bbox 417 3631 2009 3710; baseline -0.003 -18"><span class='ocrx_word' id='word_1_254' title='bbox 417 3653 524 3710; x_wconf 83' lang='lat' dir='ltr'>pro</span> <span class='ocrx_word' id='word_1_255' title='bbox 551 3633 804 3704; x_wconf 85' lang='lat' dir='ltr'>objecto,</span> <span class='ocrx_word' id='word_1_256' title='bbox 843 3634 1040 3690; x_wconf 85' lang='lat' dir='ltr'>saltem</span> <span class='ocrx_word' id='word_1_257' title='bbox 1071 3631 1370 3705; x_wconf 81' lang='lat' dir='ltr'>adparens,</span> <span class='ocrx_word' id='word_1_258' title='bbox 1421 3637 1482 3688; x_wconf 84' lang='lat' dir='ltr'>at</span> <span class='ocrx_word' id='word_1_259' title='bbox 1521 3632 1712 3689; x_wconf 82' lang='lat' dir='ltr'>divina</span> <span class='ocrx_word' id='word_1_260' title='bbox 1753 3633 2009 3689; x_wconf 81' lang='lat' dir='ltr'>voluntas</span> 
     </span>
     <span class='ocr_line' id='line_1_39' title="bbox 415 3719 1418 3780; baseline -0.008 0"><span class='ocrx_word' id='word_1_261' title='bbox 415 3740 532 3780; x_wconf 85' lang='lat' dir='ltr'>non</span> <span class='ocrx_word' id='word_1_262' title='bbox 559 3722 670 3778; x_wconf 88' lang='lat' dir='ltr'>nisi</span> <span class='ocrx_word' id='word_1_263' title='bbox 699 3721 906 3778; x_wconf 85' lang='lat' dir='ltr'>bonum</span> <span class='ocrx_word' id='word_1_264' title='bbox 935 3719 1102 3775; x_wconf 88' lang='lat' dir='ltr'>simul</span> <span class='ocrx_word' id='word_1_265' title='bbox 1129 3725 1186 3776; x_wconf 88' lang='lat' dir='ltr'>et</span> <span class='ocrx_word' id='word_1_266' title='bbox 1217 3736 1418 3776; x_wconf 80' lang='lat' dir='ltr'>verum.</span> 
     </span>
    </p>

    <p class='ocr_par' dir='ltr' id='par_1_9' title="bbox 415 3804 2009 4148">
     <span class='ocr_line' id='line_1_40' title="bbox 513 3804 2009 3882; baseline -0.005 -14"><span class='ocrx_word' id='word_1_267' title='bbox 513 3813 612 3868; x_wconf 77' lang='lat'>19.</span> <span class='ocrx_word' id='word_1_268' title='bbox 653 3809 1030 3882; x_wconf 78' lang='lat' dir='ltr'>spectabimus</span> <span class='ocrx_word' id='word_1_269' title='bbox 1067 3823 1200 3877; x_wconf 76' lang='lat' dir='ltr'>ergo</span> <span class='ocrx_word' id='word_1_270' title='bbox 1240 3814 1298 3864; x_wconf 90' lang='lat' dir='ltr'>et</span> <span class='ocrx_word' id='word_1_271' title='bbox 1327 3807 1716 3880; x_wconf 82' lang='lat' dir='ltr'>Voluntatem,</span> <span class='ocrx_word' id='word_1_272' title='bbox 1755 3810 1818 3862; x_wconf 90' lang='lat' dir='ltr'>et</span> <span class='ocrx_word' id='word_1_273' title='bbox 1855 3804 2009 3875; x_wconf 75' lang='lat' dir='ltr'>obJe-</span> 
     </span>
     <span class='ocr_line' id='line_1_41' title="bbox 415 3893 2009 3968; baseline -0.005 -12"><span class='ocrx_word' id='word_1_274' title='bbox 415 3904 564 3956; x_wconf 86' lang='lat' dir='ltr'>ctum</span> <span class='ocrx_word' id='word_1_275' title='bbox 593 3897 729 3968; x_wconf 85' lang='lat' dir='ltr'>ejus,</span> <span class='ocrx_word' id='word_1_276' title='bbox 763 3913 962 3968; x_wconf 80' lang='lat' dir='ltr'>nempe</span> <span class='ocrx_word' id='word_1_277' title='bbox 991 3895 1204 3952; x_wconf 87' lang='lat' dir='ltr'>Bonum</span> <span class='ocrx_word' id='word_1_278' title='bbox 1225 3901 1284 3952; x_wconf 90' lang='lat' dir='ltr'>et</span> <span class='ocrx_word' id='word_1_279' title='bbox 1306 3895 1532 3958; x_wconf 84' lang='lat' dir='ltr'>Malum,</span> <span class='ocrx_word' id='word_1_280' title='bbox 1562 3893 1709 3966; x_wconf 84' lang='lat' dir='ltr'>quod</span> <span class='ocrx_word' id='word_1_281' title='bbox 1733 3895 2009 3950; x_wconf 90' lang='lat' dir='ltr'>rationem</span> 
     </span>
     <span class='ocr_line' id='line_1_42' title="bbox 417 3980 2006 4060; baseline -0.004 -16"><span class='ocrx_word' id='word_1_282' title='bbox 417 3989 646 4060; x_wconf 85' lang='lat' dir='ltr'>praebet</span> <span class='ocrx_word' id='word_1_283' title='bbox 675 3984 896 4042; x_wconf 81' lang='lat' dir='ltr'>volendi</span> <span class='ocrx_word' id='word_1_284' title='bbox 924 3989 980 4039; x_wconf 90' lang='lat' dir='ltr'>ct</span> <span class='ocrx_word' id='word_1_285' title='bbox 1005 3980 1248 4040; x_wconf 86' lang='lat' dir='ltr'>nolendi.</span> <span class='ocrx_word' id='word_1_286' title='bbox 1307 3983 1368 4038; x_wconf 90' lang='lat' dir='ltr'>In</span> <span class='ocrx_word' id='word_1_287' title='bbox 1401 3982 1790 4039; x_wconf 82' lang='lat' dir='ltr'>voluntate</span> <span class='ocrx_word' id='word_1_288' title='bbox 1819 3987 2006 4038; x_wconf 87' lang='lat' dir='ltr'>autem</span> 
     </span>
     <span class='ocr_line' id='line_1_43' title="bbox 415 4069 1632 4148; baseline -0.009 -15"><span class='ocrx_word' id='word_1_289' title='bbox 415 4075 786 4148; x_wconf 74' lang='lat' dir='ltr'>spectabimus</span> <span class='ocrx_word' id='word_1_290' title='bbox 813 4075 872 4128; x_wconf 87' lang='lat' dir='ltr'>et</span> <span class='ocrx_word' id='word_1_291' title='bbox 899 4075 1152 4126; x_wconf 81' lang='lat' dir='ltr'>naturam</span> <span class='ocrx_word' id='word_1_292' title='bbox 1183 4069 1300 4138; x_wconf 83' lang='lat' dir='ltr'>eius</span> <span class='ocrx_word' id='word_1_293' title='bbox 1328 4075 1384 4126; x_wconf 88' lang='lat' dir='ltr'>et</span> <span class='ocrx_word' id='word_1_294' title='bbox 1413 4070 1632 4142; x_wconf 86' lang='lat' dir='ltr'>species.</span> 
     </span>
    </p>

    <p class='ocr_par' dir='ltr' id='par_1_10' title="bbox 415 4154 2009 4494">
     <span class='ocr_line' id='line_1_44' title="bbox 523 4154 2007 4227; baseline -0.005 -8"><span class='ocrx_word' id='word_1_295' title='bbox 523 4163 627 4219; x_wconf 82' lang='lat'>20.</span> <span class='ocrx_word' id='word_1_296' title='bbox 679 4160 768 4218; x_wconf 79' lang='lat' dir='ltr'>Ad</span> <span class='ocrx_word' id='word_1_297' title='bbox 799 4158 1112 4215; x_wconf 83' lang='lat' dir='ltr'>Voluntatis</span> <span class='ocrx_word' id='word_1_298' title='bbox 1172 4165 1496 4214; x_wconf 88' lang='lat' dir='ltr'>naturam</span> <span class='ocrx_word' id='word_1_299' title='bbox 1555 4155 1854 4227; x_wconf 86' lang='lat' dir='ltr'>requiritur</span> <span class='ocrx_word' id='word_1_300' title='bbox 1902 4154 2007 4212; x_wconf 88' lang='lat' dir='ltr'>Li·</span> 
     </span>
     <span class='ocr_line' id='line_1_45' title="bbox 417 4244 2006 4321; baseline -0.004 -15"><span class='ocrx_word' id='word_1_301' title='bbox 417 4249 678 4321; x_wconf 83' lang='lat' dir='ltr'>bertas,</span> <span class='ocrx_word' id='word_1_302' title='bbox 734 4263 874 4320; x_wconf 88' lang='lat' dir='ltr'>quae</span> <span class='ocrx_word' id='word_1_303' title='bbox 911 4246 1168 4308; x_wconf 80' lang='lat' dir='ltr'>consistit</span> <span class='ocrx_word' id='word_1_304' title='bbox 1203 4245 1264 4302; x_wconf 91' lang='lat' dir='ltr'>in</span> <span class='ocrx_word' id='word_1_305' title='bbox 1289 4263 1386 4320; x_wconf 90' lang='lat' dir='ltr'>eo,</span> <span class='ocrx_word' id='word_1_306' title='bbox 1429 4244 1664 4300; x_wconf 88' lang='lat' dir='ltr'>utactio</span> <span class='ocrx_word' id='word_1_307' title='bbox 1697 4244 2006 4300; x_wconf 87' lang='lat' dir='ltr'>voluntaria</span> 
     </span>
     <span class='ocr_line' id='line_1_46' title="bbox 415 4331 2009 4410; baseline -0.003 -18"><span class='ocrx_word' id='word_1_308' title='bbox 415 4337 492 4392; x_wconf 80' lang='lat' dir='ltr'>sit</span> <span class='ocrx_word' id='word_1_309' title='bbox 515 4342 818 4410; x_wconf 77' lang='lat' dir='ltr'>spontanea</span> <span class='ocrx_word' id='word_1_310' title='bbox 845 4350 914 4390; x_wconf 89' lang='lat' dir='ltr'>ac</span> <span class='ocrx_word' id='word_1_311' title='bbox 941 4333 1271 4405; x_wconf 84' lang='lat' dir='ltr'>deliberata,</span> <span class='ocrx_word' id='word_1_312' title='bbox 1321 4339 1484 4406; x_wconf 88' lang='lat' dir='ltr'>atque</span> <span class='ocrx_word' id='word_1_313' title='bbox 1511 4331 1678 4402; x_wconf 85' lang='lat' dir='ltr'>adeo,</span> <span class='ocrx_word' id='word_1_314' title='bbox 1730 4336 1795 4385; x_wconf 91' lang='lat' dir='ltr'>ut</span> <span class='ocrx_word' id='word_1_315' title='bbox 1823 4332 2009 4388; x_wconf 84' lang='lat' dir='ltr'>exclu-</span> 
     </span>
     <span class='ocr_line' id='line_1_47' title="bbox 417 4418 1797 4494; baseline -0.004 -14"><span class='ocrx_word' id='word_1_316' title='bbox 417 4421 518 4480; x_wconf 66' lang='lat' dir='ltr'>«bt</span> <span class='ocrx_word' id='word_1_317' title='bbox 543 4424 950 4494; x_wconf 72' lang='lat' dir='ltr'>emensitatem,</span> <span class='ocrx_word' id='word_1_318' title='bbox 979 4436 1124 4494; x_wconf 89' lang='lat' dir='ltr'>quae</span> <span class='ocrx_word' id='word_1_319' title='bbox 1151 4420 1602 4477; x_wconf 84' lang='lat' dir='ltr'>deliberationem</span> <span class='ocrx_word' id='word_1_320' title='bbox 1636 4418 1797 4476; x_wconf 85' lang='lat' dir='ltr'>tollit.</span> 
     </span>
    </p>

    <p class='ocr_par' dir='ltr' id='par_1_11' title="bbox 409 4507 2007 5020">
     <span class='ocr_line' id='line_1_48' title="bbox 509 4507 2007 4580; baseline -0.003 -14"><span class='ocrx_word' id='word_1_321' title='bbox 509 4510 613 4567; x_wconf 87' lang='lat'>21.</span> <span class='ocrx_word' id='word_1_322' title='bbox 663 4510 1070 4568; x_wconf 75' lang='lat' dir='ltr'>Necessitas</span> <span class='ocrx_word' id='word_1_323' title='bbox 1126 4509 1440 4566; x_wconf 74' lang='lat' dir='ltr'>excluditur</span> <span class='ocrx_word' id='word_1_324' title='bbox 1497 4507 2007 4580; x_wconf 84' lang='lat' dir='ltr'>Metaphysica,</span> 
     </span>
     <span class='ocr_line' id='line_1_49' title="bbox 415 4594 2005 4672; baseline -0.003 -18"><span class='ocrx_word' id='word_1_325' title='bbox 415 4595 572 4668; x_wconf 78' lang='lat' dir='ltr'>cuins</span> <span class='ocrx_word' id='word_1_326' title='bbox 600 4598 914 4672; x_wconf 89' lang='lat' dir='ltr'>oppositum</span> <span class='ocrx_word' id='word_1_327' title='bbox 941 4603 1026 4654; x_wconf 84' lang='lat' dir='ltr'>est</span> <span class='ocrx_word' id='word_1_328' title='bbox 1053 4597 1426 4670; x_wconf 86' lang='lat' dir='ltr'>impossibile,</span> <span class='ocrx_word' id='word_1_329' title='bbox 1469 4613 1562 4656; x_wconf 86' lang='lat' dir='ltr'>seu</span> <span class='ocrx_word' id='word_1_330' title='bbox 1603 4594 1850 4669; x_wconf 70' lang='lat' dir='ltr'>implifflt</span> <span class='ocrx_word' id='word_1_331' title='bbox 1878 4611 2005 4650; x_wconf 88' lang='lat' dir='ltr'>con·</span> 
     </span>
     <span class='ocr_line' id='line_1_50' title="bbox 413 4680 2005 4758; baseline -0.003 -16"><span class='ocrx_word' id='word_1_332' title='bbox 413 4685 830 4756; x_wconf 76' lang='lat' dir='ltr'>tmdictionem3</span> <span class='ocrx_word' id='word_1_333' title='bbox 871 4683 970 4742; x_wconf 82' lang='lat' dir='ltr'>sed</span> <span class='ocrx_word' id='word_1_334' title='bbox 997 4701 1110 4742; x_wconf 88' lang='lat' dir='ltr'>non</span> <span class='ocrx_word' id='word_1_335' title='bbox 1140 4685 1464 4758; x_wconf 84' lang='lat' dir='ltr'>Moralis,</span> <span class='ocrx_word' id='word_1_336' title='bbox 1506 4680 1671 4754; x_wconf 56' lang='lat' dir='ltr'>cirins</span> <span class='ocrx_word' id='word_1_337' title='bbox 1689 4684 2005 4757; x_wconf 87' lang='lat' dir='ltr'>oppositum</span> 
     </span>
     <span class='ocr_line' id='line_1_51' title="bbox 411 4771 2005 4843; baseline -0.004 -11"><span class='ocrx_word' id='word_1_338' title='bbox 411 4779 500 4832; x_wconf 78' lang='lat' dir='ltr'>est</span> <span class='ocrx_word' id='word_1_339' title='bbox 533 4773 940 4832; x_wconf 70' lang='lat' dir='ltr'>inconveniens.</span> <span class='ocrx_word' id='word_1_340' title='bbox 1029 4771 1150 4827; x_wconf 82' lang='lat' dir='ltr'>Etsi</span> <span class='ocrx_word' id='word_1_341' title='bbox 1187 4773 1338 4828; x_wconf 87' lang='lat' dir='ltr'>enim</span> <span class='ocrx_word' id='word_1_342' title='bbox 1368 4775 1518 4828; x_wconf 81' lang='lat' dir='ltr'>Deus</span> <span class='ocrx_word' id='word_1_343' title='bbox 1559 4787 1672 4827; x_wconf 86' lang='lat' dir='ltr'>non</span> <span class='ocrx_word' id='word_1_344' title='bbox 1710 4771 1884 4843; x_wconf 81' lang='lat' dir='ltr'>possit</span> <span class='ocrx_word' id='word_1_345' title='bbox 1922 4787 2005 4826; x_wconf 83' lang='lat' dir='ltr'>er-</span> 
     </span>
     <span class='ocr_line' id='line_1_52' title="bbox 410 4857 2007 4944; baseline -0.005 -24"><span class='ocrx_word' id='word_1_346' title='bbox 410 4877 538 4920; x_wconf 74' lang='lat' dir='ltr'>rare</span> <span class='ocrx_word' id='word_1_347' title='bbox 565 4863 636 4944; x_wconf 40' lang='lat' dir='ltr'>in,</span> <span class='ocrx_word' id='word_1_348' title='bbox 653 4859 936 4934; x_wconf 76' lang='lat' dir='ltr'>eligendo,</span> <span class='ocrx_word' id='word_1_349' title='bbox 975 4859 1226 4930; x_wconf 78' lang='lat' dir='ltr'>adeoque</span> <span class='ocrx_word' id='word_1_350' title='bbox 1261 4861 1430 4931; x_wconf 74' lang='lat' dir='ltr'>eligat</span> <span class='ocrx_word' id='word_1_351' title='bbox 1447 4875 1664 4931; x_wconf 82' lang='lat' dir='ltr'>semper</span> <span class='ocrx_word' id='word_1_352' title='bbox 1677 4899 1693 4930; x_wconf 94' lang='lat'>,</span> <span class='ocrx_word' id='word_1_353' title='bbox 1731 4857 1883 4928; x_wconf 89' lang='lat' dir='ltr'>qued</span> <span class='ocrx_word' id='word_1_354' title='bbox 1922 4861 2007 4912; x_wconf 84' lang='lat' dir='ltr'>est</span> 
     </span>
     <span class='ocr_line' id='line_1_53' title="bbox 409 4944 2007 5020; baseline -0.003 -14"><span class='ocrx_word' id='word_1_355' title='bbox 409 4950 656 5011; x_wconf 75' lang='lat' dir='ltr'>maxime</span> <span class='ocrx_word' id='word_1_356' title='bbox 691 4951 1052 5020; x_wconf 82' lang='lat' dir='ltr'>conveniens3</span> <span class='ocrx_word' id='word_1_357' title='bbox 1103 4947 1206 5002; x_wconf 82' lang='lat' dir='ltr'>hoc</span> <span class='ocrx_word' id='word_1_358' title='bbox 1233 4950 1416 5002; x_wconf 81' lang='lat' dir='ltr'>tamen</span> <span class='ocrx_word' id='word_1_359' title='bbox 1445 4945 1566 5016; x_wconf 85' lang='lat' dir='ltr'>ejus</span> <span class='ocrx_word' id='word_1_360' title='bbox 1594 4944 1834 5001; x_wconf 80' lang='lat' dir='ltr'>libertati</span> <span class='ocrx_word' id='word_1_361' title='bbox 1865 4945 2007 5004; x_wconf 78' lang='lat' dir='ltr'>adeo</span> 
     </span>
    </p>
   </div>
   <div class='ocr_carea' id='block_1_6' title="bbox 1491 332 2607 399">
    <p class='ocr_par' dir='ltr' id='par_1_12' title="bbox 1491 332 2607 399">
     <span class='ocr_line' id='line_1_54' title="bbox 1491 332 2607 399; baseline -0.006 1"><span class='ocrx_word' id='word_1_362' title='bbox 1491 340 1755 399; x_wconf 84' lang='lat' dir='ltr'>LXXIII.</span> <span class='ocrx_word' id='word_1_363' title='bbox 1841 336 2259 395; x_wconf 84' lang='lat' dir='ltr'>CAUSA</span> <span class='ocrx_word' id='word_1_364' title='bbox 2348 332 2607 393; x_wconf 72' lang='lat' dir='ltr'><strong>DEL·</strong></span> 
     </span>
    </p>
   </div>
   <div class='ocr_carea' id='block_1_7' title="bbox 2036 469 3687 547">
    <p class='ocr_par' dir='ltr' id='par_1_13' title="bbox 2036 469 3687 547">
     <span class='ocr_line' id='line_1_55' title="bbox 2036 469 3687 547; baseline -0.004 -14"><span class='ocrx_word' id='word_1_365' title='bbox 2036 485 2045 514; x_wconf 73' lang='lat'><em>⁴</em></span> <span class='ocrx_word' id='word_1_366' title='bbox 2078 475 2368 545; x_wconf 87' lang='lat' dir='ltr'>obstaret,</span> <span class='ocrx_word' id='word_1_367' title='bbox 2398 472 2449 529; x_wconf 89' lang='lat' dir='ltr'>si</span> <span class='ocrx_word' id='word_1_368' title='bbox 2476 487 2619 545; x_wconf 88' lang='lat' dir='ltr'>non,</span> <span class='ocrx_word' id='word_1_369' title='bbox 2670 470 2783 527; x_wconf 82' lang='lat' dir='ltr'>nisi</span> <span class='ocrx_word' id='word_1_370' title='bbox 2810 484 3017 547; x_wconf 83' lang='lat' dir='ltr'>nuum,</span> <span class='ocrx_word' id='word_1_371' title='bbox 3066 471 3214 529; x_wconf 76' lang='lat' dir='ltr'>soret</span> <span class='ocrx_word' id='word_1_372' title='bbox 3240 469 3581 527; x_wconf 74' lang='lat' dir='ltr'>voluntatis</span> <span class='ocrx_word' id='word_1_373' title='bbox 3604 470 3687 527; x_wconf 89' lang='lat' dir='ltr'>ob-</span> 
     </span>
    </p>
   </div>
   <div class='ocr_carea' id='block_1_8' title="bbox 2074 558 3694 5024">
    <p class='ocr_par' dir='ltr' id='par_1_14' title="bbox 2074 558 3691 809">
     <span class='ocr_line' id='line_1_56' title="bbox 2074 558 3691 634; baseline -0.004 -15"><span class='ocrx_word' id='word_1_374' title='bbox 2074 562 2287 633; x_wconf 89' lang='lat' dir='ltr'>jectum</span> <span class='ocrx_word' id='word_1_375' title='bbox 2326 559 2623 634; x_wconf 85' lang='lat' dir='ltr'>possibile,</span> <span class='ocrx_word' id='word_1_376' title='bbox 2672 576 2773 617; x_wconf 82' lang='lat' dir='ltr'>seu</span> <span class='ocrx_word' id='word_1_377' title='bbox 2814 562 2863 621; x_wconf 83' lang='lat' dir='ltr'>si</span> <span class='ocrx_word' id='word_1_378' title='bbox 2902 576 3015 617; x_wconf 88' lang='lat' dir='ltr'>una</span> <span class='ocrx_word' id='word_1_379' title='bbox 3041 562 3258 617; x_wconf 86' lang='lat' dir='ltr'>tantum</span> <span class='ocrx_word' id='word_1_380' title='bbox 3288 558 3598 632; x_wconf 76' lang='lat' dir='ltr'>possibilis</span> <span class='ocrx_word' id='word_1_381' title='bbox 3622 575 3691 613; x_wconf 80' lang='lat' dir='ltr'>re-</span> 
     </span>
     <span class='ocr_line' id='line_1_57' title="bbox 2083 636 3687 719; baseline -0.002 -13"><span class='ocrx_word' id='word_1_382' title='bbox 2083 666 2207 706; x_wconf 87' lang='lat' dir='ltr'>rum</span> <span class='ocrx_word' id='word_1_383' title='bbox 2249 646 2417 703; x_wconf 82' lang='lat' dir='ltr'>facies</span> <span class='ocrx_word' id='word_1_384' title='bbox 2455 646 2679 719; x_wconf 77' lang='lat' dir='ltr'>suisset3</span> <span class='ocrx_word' id='word_1_385' title='bbox 2727 636 2841 719; x_wconf 78' lang='lat' dir='ltr'>qno</span> <span class='ocrx_word' id='word_1_386' title='bbox 2876 662 3007 703; x_wconf 81' lang='lat' dir='ltr'>casu</span> <span class='ocrx_word' id='word_1_387' title='bbox 3034 652 3273 703; x_wconf 58' lang='lat' dir='ltr'>cenaret</span> <span class='ocrx_word' id='word_1_388' title='bbox 3300 646 3555 717; x_wconf 86' lang='lat' dir='ltr'>electio,</span> <span class='ocrx_word' id='word_1_389' title='bbox 3602 662 3687 703; x_wconf 83' lang='lat' dir='ltr'>nec</span> 
     </span>
     <span class='ocr_line' id='line_1_58' title="bbox 2087 734 3457 809; baseline -0.004 -16"><span class='ocrx_word' id='word_1_390' title='bbox 2087 737 2357 809; x_wconf 82' lang='lat' dir='ltr'>sapientia</span> <span class='ocrx_word' id='word_1_391' title='bbox 2388 735 2717 807; x_wconf 86' lang='lat' dir='ltr'>bonitasque</span> <span class='ocrx_word' id='word_1_392' title='bbox 2742 735 2957 804; x_wconf 78' lang='lat' dir='ltr'>agentis</span> <span class='ocrx_word' id='word_1_393' title='bbox 2984 734 3199 791; x_wconf 85' lang='lat' dir='ltr'>landari</span> <span class='ocrx_word' id='word_1_394' title='bbox 3228 737 3457 805; x_wconf 80' lang='lat' dir='ltr'>posset.</span> 
     </span>
    </p>

    <p class='ocr_par' dir='ltr' id='par_1_15' title="bbox 2088 820 3687 1406">
     <span class='ocr_line' id='line_1_59' title="bbox 2179 820 3685 895; baseline 0 -18"><span class='ocrx_word' id='word_1_395' title='bbox 2179 824 2277 877; x_wconf 81' lang='lat'>22.</span> <span class='ocrx_word' id='word_1_396' title='bbox 2320 823 2511 895; x_wconf 85' lang='lat' dir='ltr'>ltaque</span> <span class='ocrx_word' id='word_1_397' title='bbox 2540 826 2755 895; x_wconf 82' lang='lat' dir='ltr'>errant,</span> <span class='ocrx_word' id='word_1_398' title='bbox 2790 827 2893 877; x_wconf 88' lang='lat' dir='ltr'>aut</span> <span class='ocrx_word' id='word_1_399' title='bbox 2928 826 3075 877; x_wconf 86' lang='lat' dir='ltr'>certe</span> <span class='ocrx_word' id='word_1_400' title='bbox 3114 820 3493 877; x_wconf 84' lang='lat' dir='ltr'>incommode</span> <span class='ocrx_word' id='word_1_401' title='bbox 3520 820 3685 877; x_wconf 87' lang='lat' dir='ltr'>admo-</span> 
     </span>
     <span class='ocr_line' id='line_1_60' title="bbox 2088 907 3683 982; baseline -0.001 -17"><span class='ocrx_word' id='word_1_402' title='bbox 2088 911 2222 965; x_wconf 86' lang='lat' dir='ltr'>dum</span> <span class='ocrx_word' id='word_1_403' title='bbox 2270 909 2561 982; x_wconf 87' lang='lat' dir='ltr'>loquntur,</span> <span class='ocrx_word' id='word_1_404' title='bbox 2614 910 2711 981; x_wconf 85' lang='lat' dir='ltr'>qui</span> <span class='ocrx_word' id='word_1_405' title='bbox 2760 926 2826 965; x_wconf 89' lang='lat' dir='ltr'>ea</span> <span class='ocrx_word' id='word_1_406' title='bbox 2874 914 3090 965; x_wconf 84' lang='lat' dir='ltr'>tantum</span> <span class='ocrx_word' id='word_1_407' title='bbox 3140 908 3455 981; x_wconf 78' lang='lat' dir='ltr'>possibilia</span> <span class='ocrx_word' id='word_1_408' title='bbox 3497 907 3683 979; x_wconf 82' lang='lat' dir='ltr'>dicunt,</span> 
     </span>
     <span class='ocr_line' id='line_1_61' title="bbox 2088 995 3683 1073; baseline -0.004 -18"><span class='ocrx_word' id='word_1_409' title='bbox 2088 1014 2228 1073; x_wconf 86' lang='lat' dir='ltr'>quae</span> <span class='ocrx_word' id='word_1_410' title='bbox 2256 1002 2379 1053; x_wconf 90' lang='lat' dir='ltr'>actu</span> <span class='ocrx_word' id='word_1_411' title='bbox 2411 998 2577 1070; x_wconf 83' lang='lat' dir='ltr'>fiunt,</span> <span class='ocrx_word' id='word_1_412' title='bbox 2622 1012 2721 1051; x_wconf 87' lang='lat' dir='ltr'>seu</span> <span class='ocrx_word' id='word_1_413' title='bbox 2754 1012 2890 1069; x_wconf 86' lang='lat' dir='ltr'>quae</span> <span class='ocrx_word' id='word_1_414' title='bbox 2920 998 3066 1051; x_wconf 85' lang='lat' dir='ltr'>Deus</span> <span class='ocrx_word' id='word_1_415' title='bbox 3094 996 3294 1067; x_wconf 82' lang='lat' dir='ltr'>elegit3</span> <span class='ocrx_word' id='word_1_416' title='bbox 3352 996 3461 1067; x_wconf 76' lang='lat' dir='ltr'>qni</span> <span class='ocrx_word' id='word_1_417' title='bbox 3496 995 3595 1050; x_wconf 80' lang='lat' dir='ltr'>fuit</span> <span class='ocrx_word' id='word_1_418' title='bbox 3622 998 3683 1053; x_wconf 76' lang='lat' dir='ltr'>la·</span> 
     </span>
     <span class='ocr_line' id='line_1_62' title="bbox 2091 1082 3685 1159; baseline -0.001 -18"><span class='ocrx_word' id='word_1_419' title='bbox 2091 1102 2221 1159; x_wconf 83' lang='lat' dir='ltr'>psus</span> <span class='ocrx_word' id='word_1_420' title='bbox 2250 1084 2553 1142; x_wconf 87' lang='lat' dir='ltr'>Diodori</span> <span class='ocrx_word' id='word_1_421' title='bbox 2580 1084 2751 1141; x_wconf 87' lang='lat' dir='ltr'>Stoici</span> <span class='ocrx_word' id='word_1_422' title='bbox 2788 1082 2937 1157; x_wconf 89' lang='lat' dir='ltr'>apud</span> <span class='ocrx_word' id='word_1_423' title='bbox 2966 1084 3419 1147; x_wconf 87' lang='lat' dir='ltr'>Ciceronem,</span> <span class='ocrx_word' id='word_1_424' title='bbox 3464 1088 3527 1139; x_wconf 87' lang='lat' dir='ltr'>et</span> <span class='ocrx_word' id='word_1_425' title='bbox 3566 1084 3685 1139; x_wconf 84' lang='lat' dir='ltr'>inter</span> 
     </span>
     <span class='ocr_line' id='line_1_63' title="bbox 2089 1170 3683 1247; baseline -0.002 -17"><span class='ocrx_word' id='word_1_426' title='bbox 2089 1174 2429 1231; x_wconf 79' lang='lat' dir='ltr'>Christianos</span> <span class='ocrx_word' id='word_1_427' title='bbox 2490 1172 2871 1229; x_wconf 85' lang='lat' dir='ltr'>Abailardi</span> <span class='ocrx_word' id='word_1_428' title='bbox 2894 1210 2911 1243; x_wconf 92' lang='lat'>,</span> <span class='ocrx_word' id='word_1_429' title='bbox 2985 1170 3333 1247; x_wconf 74' lang='lat' dir='ltr'>wiclefi,</span> <span class='ocrx_word' id='word_1_430' title='bbox 3412 1171 3683 1227; x_wconf 89' lang='lat' dir='ltr'>Hobbii.</span> 
     </span>
     <span class='ocr_line' id='line_1_64' title="bbox 2088 1258 3687 1333; baseline -0.002 -15"><span class='ocrx_word' id='word_1_431' title='bbox 2088 1260 2193 1318; x_wconf 88' lang='lat' dir='ltr'>Sed</span> <span class='ocrx_word' id='word_1_432' title='bbox 2235 1260 2378 1315; x_wconf 82' lang='lat' dir='ltr'>infra</span> <span class='ocrx_word' id='word_1_433' title='bbox 2408 1260 2565 1331; x_wconf 89' lang='lat' dir='ltr'>plura</span> <span class='ocrx_word' id='word_1_434' title='bbox 2596 1260 2667 1315; x_wconf 90' lang='lat' dir='ltr'>de</span> <span class='ocrx_word' id='word_1_435' title='bbox 2696 1259 2949 1315; x_wconf 87' lang='lat' dir='ltr'>libertate</span> <span class='ocrx_word' id='word_1_436' title='bbox 2979 1258 3263 1333; x_wconf 85' lang='lat' dir='ltr'>dicentur,</span> <span class='ocrx_word' id='word_1_437' title='bbox 3320 1258 3431 1315; x_wconf 82' lang='lat' dir='ltr'>nbi</span> <span class='ocrx_word' id='word_1_438' title='bbox 3466 1260 3687 1315; x_wconf 74' lang='lat' dir='ltr'>buniam</span> 
     </span>
     <span class='ocr_line' id='line_1_65' title="bbox 2089 1346 2445 1406; baseline -0.017 0"><span class='ocrx_word' id='word_1_439' title='bbox 2089 1346 2293 1406; x_wconf 81' lang='lat' dir='ltr'>tuenda</span> <span class='ocrx_word' id='word_1_440' title='bbox 2322 1346 2445 1401; x_wconf 83' lang='lat' dir='ltr'>crit.</span> 
     </span>
    </p>

    <p class='ocr_par' dir='ltr' id='par_1_16' title="bbox 2086 1431 3687 1860">
     <span class='ocr_line' id='line_1_66' title="bbox 2182 1431 3685 1505; baseline 0 -14"><span class='ocrx_word' id='word_1_441' title='bbox 2182 1436 2285 1491; x_wconf 81' lang='lat'>23.</span> <span class='ocrx_word' id='word_1_442' title='bbox 2338 1434 2489 1493; x_wconf 84' lang='lat' dir='ltr'>Haec</span> <span class='ocrx_word' id='word_1_443' title='bbox 2536 1432 2605 1489; x_wconf 90' lang='lat' dir='ltr'>de</span> <span class='ocrx_word' id='word_1_444' title='bbox 2636 1431 2947 1493; x_wconf 73' lang='lat' dir='ltr'>Voluntatis</span> <span class='ocrx_word' id='word_1_445' title='bbox 2996 1436 3223 1505; x_wconf 78' lang='lat' dir='ltr'>natura3</span> <span class='ocrx_word' id='word_1_446' title='bbox 3274 1434 3544 1505; x_wconf 80' lang='lat' dir='ltr'>seqnitur</span> <span class='ocrx_word' id='word_1_447' title='bbox 3582 1435 3685 1491; x_wconf 69' lang='lat' dir='ltr'>Vo-</span> 
     </span>
     <span class='ocr_line' id='line_1_67' title="bbox 2086 1520 3687 1593; baseline -0.001 -12"><span class='ocrx_word' id='word_1_448' title='bbox 2086 1522 2403 1581; x_wconf 85' lang='lat' dir='ltr'>luntatis</span> <span class='ocrx_word' id='word_1_449' title='bbox 2454 1520 2749 1592; x_wconf 84' lang='lat' dir='ltr'>divisio,</span> <span class='ocrx_word' id='word_1_450' title='bbox 2800 1536 2941 1593; x_wconf 84' lang='lat' dir='ltr'>qnae</span> <span class='ocrx_word' id='word_1_451' title='bbox 2968 1521 3027 1577; x_wconf 89' lang='lat' dir='ltr'>in</span> <span class='ocrx_word' id='word_1_452' title='bbox 3057 1536 3219 1577; x_wconf 85' lang='lat' dir='ltr'>nsum</span> <span class='ocrx_word' id='word_1_453' title='bbox 3244 1528 3523 1579; x_wconf 85' lang='lat' dir='ltr'>nostrum</span> <span class='ocrx_word' id='word_1_454' title='bbox 3552 1540 3687 1593; x_wconf 78' lang='lat' dir='ltr'>prse-</span> 
     </span>
     <span class='ocr_line' id='line_1_68' title="bbox 2092 1608 3683 1681; baseline -0.001 -12"><span class='ocrx_word' id='word_1_455' title='bbox 2092 1614 2305 1669; x_wconf 84' lang='lat' dir='ltr'>sentem</span> <span class='ocrx_word' id='word_1_456' title='bbox 2348 1613 2435 1667; x_wconf 81' lang='lat' dir='ltr'>est</span> <span class='ocrx_word' id='word_1_457' title='bbox 2472 1608 2827 1681; x_wconf 84' lang='lat' dir='ltr'>potissimum</span> <span class='ocrx_word' id='word_1_458' title='bbox 2864 1608 3098 1681; x_wconf 84' lang='lat' dir='ltr'>duplex:</span> <span class='ocrx_word' id='word_1_459' title='bbox 3138 1624 3249 1667; x_wconf 83' lang='lat' dir='ltr'>una</span> <span class='ocrx_word' id='word_1_460' title='bbox 3280 1610 3345 1665; x_wconf 84' lang='lat' dir='ltr'>in</span> <span class='ocrx_word' id='word_1_461' title='bbox 3376 1611 3683 1667; x_wconf 78' lang='lat' dir='ltr'>anteceden-</span> 
     </span>
     <span class='ocr_line' id='line_1_69' title="bbox 2090 1696 3683 1771; baseline -0.003 -12"><span class='ocrx_word' id='word_1_462' title='bbox 2090 1706 2207 1759; x_wconf 86' lang='lat' dir='ltr'>tem</span> <span class='ocrx_word' id='word_1_463' title='bbox 2256 1702 2315 1755; x_wconf 88' lang='lat' dir='ltr'>et</span> <span class='ocrx_word' id='word_1_464' title='bbox 2360 1702 2809 1771; x_wconf 81' lang='lat' dir='ltr'>consequentem,</span> <span class='ocrx_word' id='word_1_465' title='bbox 2862 1696 3037 1755; x_wconf 76' lang='lat' dir='ltr'>altera</span> <span class='ocrx_word' id='word_1_466' title='bbox 3086 1696 3147 1755; x_wconf 90' lang='lat' dir='ltr'>in</span> <span class='ocrx_word' id='word_1_467' title='bbox 3198 1696 3599 1771; x_wconf 69' lang='lat' dir='ltr'>productivum</span> <span class='ocrx_word' id='word_1_468' title='bbox 3638 1706 3683 1755; x_wconf 83' lang='lat' dir='ltr'>et</span> 
     </span>
     <span class='ocr_line' id='line_1_70' title="bbox 2093 1772 2489 1860; baseline -0.01 -17"><span class='ocrx_word' id='word_1_469' title='bbox 2093 1772 2489 1860; x_wconf 69' lang='lat' dir='ltr'>permissivum.</span> 
     </span>
    </p>

    <p class='ocr_par' dir='ltr' id='par_1_17' title="bbox 2084 1870 3694 4142">
     <span class='ocr_line' id='line_1_71' title="bbox 2187 1870 3685 1945; baseline -0.001 -16"><span class='ocrx_word' id='word_1_470' title='bbox 2187 1874 2288 1929; x_wconf 73' lang='lat'>24.</span> <span class='ocrx_word' id='word_1_471' title='bbox 2319 1873 2529 1929; x_wconf 87' lang='lat' dir='ltr'>Prior</span> <span class='ocrx_word' id='word_1_472' title='bbox 2556 1870 2829 1928; x_wconf 82' lang='lat' dir='ltr'>divisio</span> <span class='ocrx_word' id='word_1_473' title='bbox 2856 1874 2969 1945; x_wconf 83' lang='lat' dir='ltr'>est,</span> <span class='ocrx_word' id='word_1_474' title='bbox 3000 1875 3061 1929; x_wconf 89' lang='lat' dir='ltr'>ut</span> <span class='ocrx_word' id='word_1_475' title='bbox 3079 1871 3359 1929; x_wconf 85' lang='lat' dir='ltr'>Voluntas</span> <span class='ocrx_word' id='word_1_476' title='bbox 3378 1874 3459 1929; x_wconf 84' lang='lat' dir='ltr'>&#39;sit</span> <span class='ocrx_word' id='word_1_477' title='bbox 3490 1874 3575 1929; x_wconf 77' lang='lat' dir='ltr'>vel</span> <span class='ocrx_word' id='word_1_478' title='bbox 3594 1890 3685 1929; x_wconf 83' lang='lat' dir='ltr'>an—</span> 
     </span>
     <span class='ocr_line' id='line_1_72' title="bbox 2108 1958 3683 2032; baseline 0 -15"><span class='ocrx_word' id='word_1_479' title='bbox 2108 1960 2363 2018; x_wconf 87' lang='lat' dir='ltr'>tecedens</span> <span class='ocrx_word' id='word_1_480' title='bbox 2412 1976 2511 2015; x_wconf 86' lang='lat' dir='ltr'>seu</span> <span class='ocrx_word' id='word_1_481' title='bbox 2554 1958 2779 2030; x_wconf 80' lang='lat' dir='ltr'>praevia</span> <span class='ocrx_word' id='word_1_482' title='bbox 2796 1998 2815 2032; x_wconf 87' lang='lat'>,</span> <span class='ocrx_word' id='word_1_483' title='bbox 2864 1960 2953 2015; x_wconf 82' lang='lat' dir='ltr'>vel</span> <span class='ocrx_word' id='word_1_484' title='bbox 3002 1977 3341 2032; x_wconf 80' lang='lat' dir='ltr'>consequens</span> <span class='ocrx_word' id='word_1_485' title='bbox 3374 1978 3473 2017; x_wconf 85' lang='lat' dir='ltr'>seu</span> <span class='ocrx_word' id='word_1_486' title='bbox 3512 1962 3683 2017; x_wconf 80' lang='lat' dir='ltr'>finalis</span> 
     </span>
     <span class='ocr_line' id='line_1_73' title="bbox 2094 2044 3681 2121; baseline -0.001 -14"><span class='ocrx_word' id='word_1_487' title='bbox 2094 2052 2241 2121; x_wconf 80' lang='lat' dir='ltr'>sive,</span> <span class='ocrx_word' id='word_1_488' title='bbox 2282 2047 2431 2119; x_wconf 87' lang='lat' dir='ltr'>qnod</span> <span class='ocrx_word' id='word_1_489' title='bbox 2460 2048 2607 2103; x_wconf 88' lang='lat' dir='ltr'>idem</span> <span class='ocrx_word' id='word_1_490' title='bbox 2637 2052 2749 2119; x_wconf 84' lang='lat' dir='ltr'>est,</span> <span class='ocrx_word' id='word_1_491' title='bbox 2792 2051 2859 2103; x_wconf 86' lang='lat' dir='ltr'>nt</span> <span class='ocrx_word' id='word_1_492' title='bbox 2884 2047 2958 2103; x_wconf 88' lang='lat' dir='ltr'>sit</span> <span class='ocrx_word' id='word_1_493' title='bbox 2986 2044 3077 2103; x_wconf 72' lang='lat' dir='ltr'>vel</span> <span class='ocrx_word' id='word_1_494' title='bbox 3106 2048 3463 2107; x_wconf 78' lang='lat' dir='ltr'>inclinatoria</span> <span class='ocrx_word' id='word_1_495' title='bbox 3492 2051 3579 2105; x_wconf 87' lang='lat' dir='ltr'>vel</span> <span class='ocrx_word' id='word_1_496' title='bbox 3608 2050 3681 2105; x_wconf 84' lang='lat' dir='ltr'>de-</span> 
     </span>
     <span class='ocr_line' id='line_1_74' title="bbox 2093 2134 3679 2209; baseline 0.001 -18"><span class='ocrx_word' id='word_1_497' title='bbox 2093 2135 2356 2206; x_wconf 82' lang='lat' dir='ltr'>cretoria3</span> <span class='ocrx_word' id='word_1_498' title='bbox 2394 2134 2492 2193; x_wconf 89' lang='lat' dir='ltr'>illa</span> <span class='ocrx_word' id='word_1_499' title='bbox 2533 2134 2715 2193; x_wconf 87' lang='lat' dir='ltr'>minus</span> <span class='ocrx_word' id='word_1_500' title='bbox 2742 2134 2925 2207; x_wconf 85' lang='lat' dir='ltr'>plena,</span> <span class='ocrx_word' id='word_1_501' title='bbox 2956 2135 3089 2193; x_wconf 84' lang='lat' dir='ltr'>hacc</span> <span class='ocrx_word' id='word_1_502' title='bbox 3116 2137 3283 2209; x_wconf 87' lang='lat' dir='ltr'>plena</span> <span class='ocrx_word' id='word_1_503' title='bbox 3304 2138 3401 2191; x_wconf 79' lang='lat' dir='ltr'>vel</span> <span class='ocrx_word' id='word_1_504' title='bbox 3428 2137 3679 2193; x_wconf 75' lang='lat' dir='ltr'>absolun.</span> 
     </span>
     <span class='ocr_line' id='line_1_75' title="bbox 2098 2221 3677 2297; baseline -0.001 -16"><span class='ocrx_word' id='word_1_505' title='bbox 2098 2222 2367 2294; x_wconf 81' lang='lat' dir='ltr'>Equidem</span> <span class='ocrx_word' id='word_1_506' title='bbox 2398 2224 2541 2279; x_wconf 86' lang='lat' dir='ltr'>solet</span> <span class='ocrx_word' id='word_1_507' title='bbox 2566 2221 2729 2278; x_wconf 88' lang='lat' dir='ltr'>aliter</span> <span class='ocrx_word' id='word_1_508' title='bbox 2759 2222 2977 2293; x_wconf 80' lang='lat' dir='ltr'>(prima</span> <span class='ocrx_word' id='word_1_509' title='bbox 3008 2223 3231 2295; x_wconf 82' lang='lat' dir='ltr'>quidem</span> <span class='ocrx_word' id='word_1_510' title='bbox 3256 2223 3501 2297; x_wconf 80' lang='lat' dir='ltr'>specie)</span> <span class='ocrx_word' id='word_1_511' title='bbox 3526 2228 3677 2297; x_wconf 78' lang='lat' dir='ltr'>expli-</span> 
     </span>
     <span class='ocr_line' id='line_1_76' title="bbox 2095 2309 3677 2384; baseline 0.003 -20"><span class='ocrx_word' id='word_1_512' title='bbox 2095 2312 2211 2369; x_wconf 77' lang='lat' dir='ltr'>cari</span> <span class='ocrx_word' id='word_1_513' title='bbox 2238 2312 2371 2369; x_wconf 69' lang='lat' dir='ltr'>hacc</span> <span class='ocrx_word' id='word_1_514' title='bbox 2398 2309 2599 2367; x_wconf 86' lang='lat' dir='ltr'>divisio</span> <span class='ocrx_word' id='word_1_515' title='bbox 2628 2326 2663 2365; x_wconf 91' lang='lat' dir='ltr'>a</span> <span class='ocrx_word' id='word_1_516' title='bbox 2684 2310 2983 2384; x_wconf 86' lang='lat' dir='ltr'>nonnullis,</span> <span class='ocrx_word' id='word_1_517' title='bbox 3013 2316 3075 2367; x_wconf 89' lang='lat' dir='ltr'>ut</span> <span class='ocrx_word' id='word_1_518' title='bbox 3100 2313 3447 2369; x_wconf 80' lang='lat' dir='ltr'>antecedens</span> <span class='ocrx_word' id='word_1_519' title='bbox 3476 2314 3577 2367; x_wconf 82' lang='lat' dir='ltr'>Dei</span> <span class='ocrx_word' id='word_1_520' title='bbox 3603 2330 3677 2368; x_wconf 77' lang='lat' dir='ltr'>ro-</span> 
     </span>
     <span class='ocr_line' id='line_1_77' title="bbox 2095 2398 3677 2473; baseline -0.001 -16"><span class='ocrx_word' id='word_1_521' title='bbox 2095 2400 2279 2457; x_wconf 83' lang='lat' dir='ltr'>luntas</span> <span class='ocrx_word' id='word_1_522' title='bbox 2324 2398 2521 2466; x_wconf 85' lang='lat' dir='ltr'>(verbi</span> <span class='ocrx_word' id='word_1_523' title='bbox 2562 2398 2775 2470; x_wconf 84' lang='lat' dir='ltr'>gratia,</span> <span class='ocrx_word' id='word_1_524' title='bbox 2826 2414 3019 2455; x_wconf 86' lang='lat' dir='ltr'>omnes</span> <span class='ocrx_word' id='word_1_525' title='bbox 3054 2399 3353 2469; x_wconf 79' lang='lat' dir='ltr'>salvandi)</span> <span class='ocrx_word' id='word_1_526' title='bbox 3410 2400 3677 2473; x_wconf 78' lang='lat' dir='ltr'>praecedat</span> 
     </span>
     <span class='ocr_line' id='line_1_78' title="bbox 2094 2486 3675 2567; baseline -0.001 -22"><span class='ocrx_word' id='word_1_527' title='bbox 2094 2486 2997 2567; x_wconf 43' lang='lat' dir='ltr'>considerationemrconsequens</span> <span class='ocrx_word' id='word_1_528' title='bbox 3025 2492 3239 2563; x_wconf 84' lang='lat' dir='ltr'>autem,</span> <span class='ocrx_word' id='word_1_529' title='bbox 3276 2489 3477 2557; x_wconf 77' lang='lat' dir='ltr'>(verbi</span> <span class='ocrx_word' id='word_1_530' title='bbox 3508 2492 3675 2561; x_wconf 79' lang='lat' dir='ltr'>grstia,</span> 
     </span>
     <span class='ocr_line' id='line_1_79' title="bbox 2095 2568 3673 2651; baseline 0.001 -20"><span class='ocrx_word' id='word_1_531' title='bbox 2095 2573 2364 2646; x_wconf 85' lang='lat' dir='ltr'>quosdam</span> <span class='ocrx_word' id='word_1_532' title='bbox 2395 2568 2719 2651; x_wconf 87' lang='lat' dir='ltr'>damnandi)</span> <span class='ocrx_word' id='word_1_533' title='bbox 2749 2590 2873 2629; x_wconf 85' lang='lat' dir='ltr'>eam</span> <span class='ocrx_word' id='word_1_534' title='bbox 2902 2580 3176 2646; x_wconf 86' lang='lat' dir='ltr'>sequatur.</span> <span class='ocrx_word' id='word_1_535' title='bbox 3260 2576 3371 2632; x_wconf 86' lang='lat' dir='ltr'>Sed</span> <span class='ocrx_word' id='word_1_536' title='bbox 3410 2578 3519 2632; x_wconf 86' lang='lat' dir='ltr'>illa</span> <span class='ocrx_word' id='word_1_537' title='bbox 3548 2593 3673 2647; x_wconf 79' lang='lat' dir='ltr'>prae</span> 
     </span>
     <span class='ocr_line' id='line_1_80' title="bbox 2084 2652 3673 2737; baseline 0.001 -18"><span class='ocrx_word' id='word_1_538' title='bbox 2084 2652 2239 2719; x_wconf 76' lang='lat' dir='ltr'>&#39;cedit</span> <span class='ocrx_word' id='word_1_539' title='bbox 2286 2662 2457 2719; x_wconf 88' lang='lat' dir='ltr'>etiam</span> <span class='ocrx_word' id='word_1_540' title='bbox 2504 2662 2643 2718; x_wconf 85' lang='lat' dir='ltr'>alias</span> <span class='ocrx_word' id='word_1_541' title='bbox 2686 2661 2793 2717; x_wconf 92' lang='lat' dir='ltr'>Dei</span> <span class='ocrx_word' id='word_1_542' title='bbox 2844 2663 3183 2734; x_wconf 81' lang='lat' dir='ltr'>voluntates,</span> <span class='ocrx_word' id='word_1_543' title='bbox 3230 2664 3373 2720; x_wconf 85' lang='lat' dir='ltr'>haec</span> <span class='ocrx_word' id='word_1_544' title='bbox 3430 2666 3673 2737; x_wconf 76' lang='lat' dir='ltr'>sequitur3</span> 
     </span>
     <span class='ocr_line' id='line_1_81' title="bbox 2097 2749 3673 2824; baseline 0.003 -19"><span class='ocrx_word' id='word_1_545' title='bbox 2097 2767 2223 2805; x_wconf 89' lang='lat' dir='ltr'>cum</span> <span class='ocrx_word' id='word_1_546' title='bbox 2264 2749 2387 2821; x_wconf 89' lang='lat' dir='ltr'>ipsa</span> <span class='ocrx_word' id='word_1_547' title='bbox 2426 2752 2555 2809; x_wconf 82' lang='lat' dir='ltr'>facti</span> <span class='ocrx_word' id='word_1_548' title='bbox 2584 2754 2955 2807; x_wconf 81' lang='lat' dir='ltr'>creaturarum</span> <span class='ocrx_word' id='word_1_549' title='bbox 2982 2751 3387 2824; x_wconf 83' lang='lat' dir='ltr'>consideratio,</span> <span class='ocrx_word' id='word_1_550' title='bbox 3438 2769 3555 2809; x_wconf 88' lang='lat' dir='ltr'>non</span> <span class='ocrx_word' id='word_1_551' title='bbox 3582 2760 3673 2809; x_wconf 84' lang='lat' dir='ltr'>tan·</span> 
     </span>
     <span class='ocr_line' id='line_1_82' title="bbox 2096 2838 3694 2913; baseline 0.002 -19"><span class='ocrx_word' id='word_1_552' title='bbox 2096 2843 2213 2894; x_wconf 89' lang='lat' dir='ltr'>tum</span> <span class='ocrx_word' id='word_1_553' title='bbox 2246 2852 2281 2893; x_wconf 86' lang='lat' dir='ltr'>a</span> <span class='ocrx_word' id='word_1_554' title='bbox 2308 2838 2637 2909; x_wconf 86' lang='lat' dir='ltr'>quibusdam</span> <span class='ocrx_word' id='word_1_555' title='bbox 2658 2838 2761 2893; x_wconf 86' lang='lat' dir='ltr'>Dei</span> <span class='ocrx_word' id='word_1_556' title='bbox 2792 2839 3165 2895; x_wconf 80' lang='lat' dir='ltr'>voluntatibus</span> <span class='ocrx_word' id='word_1_557' title='bbox 3192 2846 3694 2913; x_wconf 67' lang='lat' dir='ltr'>praesupponatur,⁴</span> 
     </span>
     <span class='ocr_line' id='line_1_83' title="bbox 2096 2925 3694 3002; baseline 0.001 -20"><span class='ocrx_word' id='word_1_558' title='bbox 2096 2926 2193 2982; x_wconf 83' lang='lat' dir='ltr'>sed</span> <span class='ocrx_word' id='word_1_559' title='bbox 2244 2925 2413 2982; x_wconf 87' lang='lat' dir='ltr'>etiam</span> <span class='ocrx_word' id='word_1_560' title='bbox 2464 2928 2729 2998; x_wconf 86' lang='lat' dir='ltr'>quasdam</span> <span class='ocrx_word' id='word_1_561' title='bbox 2768 2926 2875 2982; x_wconf 87' lang='lat' dir='ltr'>Dei</span> <span class='ocrx_word' id='word_1_562' title='bbox 2916 2927 3265 3000; x_wconf 78' lang='lat' dir='ltr'>voluntates,</span> <span class='ocrx_word' id='word_1_563' title='bbox 3316 2929 3455 2984; x_wconf 82' lang='lat' dir='ltr'>sine</span> <span class='ocrx_word' id='word_1_564' title='bbox 3510 2931 3694 3002; x_wconf 80' lang='lat' dir='ltr'>quibus·</span> 
     </span>
     <span class='ocr_line' id='line_1_84' title="bbox 2099 3016 3671 3090; baseline 0 -20"><span class='ocrx_word' id='word_1_565' title='bbox 2099 3017 2303 3072; x_wconf 76' lang='lat' dir='ltr'>factum</span> <span class='ocrx_word' id='word_1_566' title='bbox 2332 3019 2707 3072; x_wconf 86' lang='lat' dir='ltr'>creaturarum</span> <span class='ocrx_word' id='word_1_567' title='bbox 2734 3016 2973 3086; x_wconf 85' lang='lat' dir='ltr'>supponi</span> <span class='ocrx_word' id='word_1_568' title='bbox 3000 3017 3222 3087; x_wconf 82' lang='lat' dir='ltr'>nequit,</span> <span class='ocrx_word' id='word_1_569' title='bbox 3264 3028 3671 3090; x_wconf 70' lang='lat' dir='ltr'>pree-supponat</span> 
     </span>
     <span class='ocr_line' id='line_1_85' title="bbox 2098 3101 3673 3177; baseline 0.002 -20"><span class='ocrx_word' id='word_1_570' title='bbox 2098 3103 2290 3174; x_wconf 89' lang='lat' dir='ltr'>ltaque</span> <span class='ocrx_word' id='word_1_571' title='bbox 2340 3101 2640 3158; x_wconf 88' lang='lat' dir='ltr'>Thomas</span> <span class='ocrx_word' id='word_1_572' title='bbox 2686 3106 2745 3158; x_wconf 91' lang='lat' dir='ltr'>et</span> <span class='ocrx_word' id='word_1_573' title='bbox 2790 3101 3065 3176; x_wconf 86' lang='lat' dir='ltr'>Scotus,</span> <span class='ocrx_word' id='word_1_574' title='bbox 3118 3103 3326 3177; x_wconf 83' lang='lat' dir='ltr'>aliique</span> <span class='ocrx_word' id='word_1_575' title='bbox 3362 3106 3673 3162; x_wconf 82' lang='lat' dir='ltr'>divisionem</span> 
     </span>
     <span class='ocr_line' id='line_1_86' title="bbox 2098 3190 3671 3266; baseline 0.002 -20"><span class='ocrx_word' id='word_1_576' title='bbox 2098 3190 2267 3263; x_wconf 83' lang='lat' dir='ltr'>hanc,</span> <span class='ocrx_word' id='word_1_577' title='bbox 2310 3205 2409 3262; x_wconf 88' lang='lat' dir='ltr'>eo,</span> <span class='ocrx_word' id='word_1_578' title='bbox 2442 3205 2553 3262; x_wconf 89' lang='lat' dir='ltr'>qno</span> <span class='ocrx_word' id='word_1_579' title='bbox 2584 3205 2727 3246; x_wconf 88' lang='lat' dir='ltr'>nunc</span> <span class='ocrx_word' id='word_1_580' title='bbox 2754 3191 2991 3262; x_wconf 87' lang='lat' dir='ltr'>utimur,</span> <span class='ocrx_word' id='word_1_581' title='bbox 3022 3207 3183 3246; x_wconf 82' lang='lat' dir='ltr'>sensu</span> <span class='ocrx_word' id='word_1_582' title='bbox 3211 3199 3491 3266; x_wconf 83' lang='lat' dir='ltr'>sumunt,</span> <span class='ocrx_word' id='word_1_583' title='bbox 3522 3201 3581 3250; x_wconf 87' lang='lat' dir='ltr'>ut</span> <span class='ocrx_word' id='word_1_584' title='bbox 3603 3211 3671 3249; x_wconf 79' lang='lat' dir='ltr'>ro·</span> 
     </span>
     <span class='ocr_line' id='line_1_87' title="bbox 2098 3277 3673 3355; baseline 0.003 -22"><span class='ocrx_word' id='word_1_585' title='bbox 2098 3279 2277 3334; x_wconf 83' lang='lat' dir='ltr'>luntas</span> <span class='ocrx_word' id='word_1_586' title='bbox 2304 3277 2631 3334; x_wconf 86' lang='lat' dir='ltr'>antecedens</span> <span class='ocrx_word' id='word_1_587' title='bbox 2658 3277 2729 3332; x_wconf 85' lang='lat' dir='ltr'>ad</span> <span class='ocrx_word' id='word_1_588' title='bbox 2761 3277 2977 3334; x_wconf 87' lang='lat' dir='ltr'>Bonum</span> <span class='ocrx_word' id='word_1_589' title='bbox 3004 3279 3229 3351; x_wconf 86' lang='lat' dir='ltr'>aliquod</span> <span class='ocrx_word' id='word_1_590' title='bbox 3258 3281 3319 3334; x_wconf 86' lang='lat' dir='ltr'>in</span> <span class='ocrx_word' id='word_1_591' title='bbox 3344 3299 3453 3355; x_wconf 74' lang='lat' dir='ltr'>se,</span> <span class='ocrx_word' id='word_1_592' title='bbox 3500 3287 3561 3337; x_wconf 85' lang='lat' dir='ltr'>et</span> <span class='ocrx_word' id='word_1_593' title='bbox 3582 3298 3673 3354; x_wconf 72' lang='lat' dir='ltr'>par·</span> 
     </span>
     <span class='ocr_line' id='line_1_88' title="bbox 2098 3362 3673 3442; baseline 0.003 -20"><span class='ocrx_word' id='word_1_594' title='bbox 2098 3365 2425 3436; x_wconf 86' lang='lat' dir='ltr'>ticnlariter,</span> <span class='ocrx_word' id='word_1_595' title='bbox 2459 3381 2561 3437; x_wconf 87' lang='lat' dir='ltr'>pro</span> <span class='ocrx_word' id='word_1_596' title='bbox 2588 3362 2853 3438; x_wconf 82' lang='lat' dir='ltr'>cujusque</span> <span class='ocrx_word' id='word_1_597' title='bbox 2880 3367 3083 3440; x_wconf 82' lang='lat' dir='ltr'>gradu,</span> <span class='ocrx_word' id='word_1_598' title='bbox 3114 3368 3353 3442; x_wconf 77' lang='lat' dir='ltr'>teratur,</span> <span class='ocrx_word' id='word_1_599' title='bbox 3388 3371 3549 3426; x_wconf 82' lang='lat' dir='ltr'>unde</span> <span class='ocrx_word' id='word_1_600' title='bbox 3576 3371 3673 3426; x_wconf 72' lang='lat' dir='ltr'>hae</span> 
     </span>
     <span class='ocr_line' id='line_1_89' title="bbox 2097 3453 3675 3528; baseline 0.004 -20"><span class='ocrx_word' id='word_1_601' title='bbox 2097 3453 2353 3510; x_wconf 81' lang='lat' dir='ltr'>voluntas</span> <span class='ocrx_word' id='word_1_602' title='bbox 2393 3457 2725 3520; x_wconf 64' lang='lat' dir='ltr'>esttantnm</span> <span class='ocrx_word' id='word_1_603' title='bbox 2766 3455 3067 3511; x_wconf 85' lang='lat' dir='ltr'>secundum</span> <span class='ocrx_word' id='word_1_604' title='bbox 3094 3456 3258 3528; x_wconf 79' lang='lat' dir='ltr'>quid3</span> <span class='ocrx_word' id='word_1_605' title='bbox 3312 3457 3585 3514; x_wconf 85' lang='lat' dir='ltr'>voluntas</span> <span class='ocrx_word' id='word_1_606' title='bbox 3606 3473 3675 3513; x_wconf 78' lang='lat' dir='ltr'>au·</span> 
     </span>
     <span class='ocr_line' id='line_1_90' title="bbox 2096 3543 3673 3614; baseline 0.003 -18"><span class='ocrx_word' id='word_1_607' title='bbox 2096 3545 2209 3598; x_wconf 87' lang='lat' dir='ltr'>tem</span> <span class='ocrx_word' id='word_1_608' title='bbox 2236 3555 2569 3612; x_wconf 87' lang='lat' dir='ltr'>consequens</span> <span class='ocrx_word' id='word_1_609' title='bbox 2596 3546 2801 3613; x_wconf 84' lang='lat' dir='ltr'>spectet</span> <span class='ocrx_word' id='word_1_610' title='bbox 2832 3543 3031 3614; x_wconf 80' lang='lat' dir='ltr'>totale,</span> <span class='ocrx_word' id='word_1_611' title='bbox 3062 3551 3119 3598; x_wconf 87' lang='lat' dir='ltr'>et</span> <span class='ocrx_word' id='word_1_612' title='bbox 3144 3545 3409 3602; x_wconf 80' lang='lat' dir='ltr'>ultimam</span> <span class='ocrx_word' id='word_1_613' title='bbox 3442 3548 3673 3603; x_wconf 64' lang='lat' dir='ltr'>determ-</span> 
     </span>
     <span class='ocr_line' id='line_1_91' title="bbox 2091 3628 3675 3704; baseline 0.003 -20"><span class='ocrx_word' id='word_1_614' title='bbox 2091 3628 2375 3685; x_wconf 87' lang='lat' dir='ltr'>nationem</span> <span class='ocrx_word' id='word_1_615' title='bbox 2403 3629 2707 3700; x_wconf 73' lang='lat' dir='ltr'>contineat3</span> <span class='ocrx_word' id='word_1_616' title='bbox 2757 3629 2902 3685; x_wconf 87' lang='lat' dir='ltr'>unde</span> <span class='ocrx_word' id='word_1_617' title='bbox 2952 3635 3035 3686; x_wconf 78' lang='lat' dir='ltr'>est</span> <span class='ocrx_word' id='word_1_618' title='bbox 3074 3631 3335 3704; x_wconf 84' lang='lat' dir='ltr'>absoluta</span> <span class='ocrx_word' id='word_1_619' title='bbox 3360 3639 3431 3690; x_wconf 89' lang='lat' dir='ltr'>et</span> <span class='ocrx_word' id='word_1_620' title='bbox 3460 3636 3675 3690; x_wconf 80' lang='lat' dir='ltr'>decreto·</span> 
     </span>
     <span class='ocr_line' id='line_1_92' title="bbox 2092 3716 3677 3792; baseline 0.004 -20"><span class='ocrx_word' id='word_1_621' title='bbox 2092 3717 2221 3790; x_wconf 54' lang='grc' dir='ltr'><strong>πίας,</strong></span> <span class='ocrx_word' id='word_1_622' title='bbox 2254 3719 2313 3772; x_wconf 89' lang='lat' dir='ltr'>et</span> <span class='ocrx_word' id='word_1_623' title='bbox 2339 3731 2465 3772; x_wconf 86' lang='lat' dir='ltr'>cnm</span> <span class='ocrx_word' id='word_1_624' title='bbox 2494 3716 2563 3772; x_wconf 84' lang='lat' dir='ltr'>de</span> <span class='ocrx_word' id='word_1_625' title='bbox 2590 3717 2781 3773; x_wconf 83' lang='lat' dir='ltr'>divina</span> <span class='ocrx_word' id='word_1_626' title='bbox 2808 3734 2993 3774; x_wconf 83' lang='lat' dir='ltr'>sermo</span> <span class='ocrx_word' id='word_1_627' title='bbox 3018 3723 3130 3791; x_wconf 88' lang='lat' dir='ltr'>est,</span> <span class='ocrx_word' id='word_1_628' title='bbox 3186 3735 3417 3792; x_wconf 76' lang='lat' dir='ltr'>semper</span> <span class='ocrx_word' id='word_1_629' title='bbox 3446 3725 3677 3778; x_wconf 82' lang='lat' dir='ltr'>effectum</span> 
     </span>
     <span class='ocr_line' id='line_1_93' title="bbox 2092 3804 3694 3884; baseline 0.002 -24"><span class='ocrx_word' id='word_1_630' title='bbox 2092 3805 2317 3878; x_wconf 86' lang='lat' dir='ltr'>plenum</span> <span class='ocrx_word' id='word_1_631' title='bbox 2366 3804 2599 3860; x_wconf 85' lang='lat' dir='ltr'>obtinet.</span> <span class='ocrx_word' id='word_1_632' title='bbox 2686 3805 3002 3878; x_wconf 77' lang='lat' dir='ltr'>Caeterum,</span> <span class='ocrx_word' id='word_1_633' title='bbox 3052 3806 3103 3861; x_wconf 91' lang='lat' dir='ltr'>si</span> <span class='ocrx_word' id='word_1_634' title='bbox 3152 3807 3281 3879; x_wconf 89' lang='lat' dir='ltr'>quis</span> <span class='ocrx_word' id='word_1_635' title='bbox 3316 3814 3577 3866; x_wconf 75' lang='lat' dir='ltr'>nostram</span> <span class='ocrx_word' id='word_1_636' title='bbox 3604 3817 3694 3884; x_wconf 42' lang='grc' dir='ltr'>θεὴ</span> 
     </span>
     <span class='ocr_line' id='line_1_94' title="bbox 2092 3892 3694 3969; baseline 0.005 -22"><span class='ocrx_word' id='word_1_637' title='bbox 2092 3893 2443 3966; x_wconf 78' lang='lat' dir='ltr'>plicatione-m</span> <span class='ocrx_word' id='word_1_638' title='bbox 2474 3892 2645 3965; x_wconf 90' lang='lat' dir='ltr'>nolit,</span> <span class='ocrx_word' id='word_1_639' title='bbox 2690 3910 2815 3948; x_wconf 89' lang='lat' dir='ltr'>cnm</span> <span class='ocrx_word' id='word_1_640' title='bbox 2856 3911 2924 3950; x_wconf 91' lang='lat' dir='ltr'>eo</span> <span class='ocrx_word' id='word_1_641' title='bbox 2956 3893 3025 3950; x_wconf 90' lang='lat' dir='ltr'>de</span> <span class='ocrx_word' id='word_1_642' title='bbox 3054 3896 3338 3952; x_wconf 87' lang='lat' dir='ltr'>vocabulis</span> <span class='ocrx_word' id='word_1_643' title='bbox 3366 3913 3489 3952; x_wconf 88' lang='lat' dir='ltr'>non</span> <span class='ocrx_word' id='word_1_644' title='bbox 3518 3893 3694 3969; x_wconf 64' lang='lat' dir='ltr'>litiga-&lt;⁴</span> 
     </span>
     <span class='ocr_line' id='line_1_95' title="bbox 2093 3981 3675 4060; baseline 0.004 -24"><span class='ocrx_word' id='word_1_645' title='bbox 2093 3981 2301 4036; x_wconf 82' lang='lat' dir='ltr'>bimus:</span> <span class='ocrx_word' id='word_1_646' title='bbox 2340 3997 2445 4053; x_wconf 86' lang='lat' dir='ltr'>pro</span> <span class='ocrx_word' id='word_1_647' title='bbox 2486 3981 2837 4036; x_wconf 84' lang='lat' dir='ltr'>antecedente</span> <span class='ocrx_word' id='word_1_648' title='bbox 2876 3986 2932 4037; x_wconf 90' lang='lat' dir='ltr'>et</span> <span class='ocrx_word' id='word_1_649' title='bbox 2972 3991 3341 4056; x_wconf 85' lang='lat' dir='ltr'>consequente</span> <span class='ocrx_word' id='word_1_650' title='bbox 3366 3986 3675 4060; x_wconf 82' lang='lat' dir='ltr'>substituat,</span> 
     </span>
     <span class='ocr_line' id='line_1_96' title="bbox 2090 4068 3001 4142; baseline 0 -18"><span class='ocrx_word' id='word_1_651' title='bbox 2090 4068 2137 4124; x_wconf 89' lang='lat' dir='ltr'>si</span> <span class='ocrx_word' id='word_1_652' title='bbox 2168 4069 2343 4141; x_wconf 87' lang='lat' dir='ltr'>volet,</span> <span class='ocrx_word' id='word_1_653' title='bbox 2376 4069 2657 4142; x_wconf 83' lang='lat' dir='ltr'>praeviam</span> <span class='ocrx_word' id='word_1_654' title='bbox 2686 4073 2742 4123; x_wconf 89' lang='lat' dir='ltr'>et</span> <span class='ocrx_word' id='word_1_655' title='bbox 2770 4068 3001 4125; x_wconf 80' lang='lat' dir='ltr'>finalem.</span> 
     </span>
    </p>

    <p class='ocr_par' dir='ltr' id='par_1_18' title="bbox 2084 4145 3694 5024">
     <span class='ocr_line' id='line_1_97' title="bbox 2184 4145 3694 4217; baseline 0.003 -7"><span class='ocrx_word' id='word_1_656' title='bbox 2184 4146 2285 4212; x_wconf 85' lang='lat'>25.</span> <span class='ocrx_word' id='word_1_657' title='bbox 2320 4157 2671 4212; x_wconf 81' lang='lat' dir='ltr'>Voluntas</span> <span class='ocrx_word' id='word_1_658' title='bbox 2710 4157 3140 4214; x_wconf 78' lang='lat' dir='ltr'>antecedens</span> <span class='ocrx_word' id='word_1_659' title='bbox 3166 4157 3407 4216; x_wconf 85' lang='lat' dir='ltr'>omnino</span> <span class='ocrx_word' id='word_1_660' title='bbox 3438 4162 3579 4217; x_wconf 78' lang='lat' dir='ltr'>seria</span> <span class='ocrx_word' id='word_1_661' title='bbox 3602 4145 3694 4214; x_wconf 54' lang='lat' dir='ltr'>est‘</span> 
     </span>
     <span class='ocr_line' id='line_1_98' title="bbox 2090 4243 3671 4322; baseline 0.003 -24"><span class='ocrx_word' id='word_1_662' title='bbox 2090 4246 2145 4298; x_wconf 90' lang='lat' dir='ltr'>et</span> <span class='ocrx_word' id='word_1_663' title='bbox 2174 4259 2331 4316; x_wconf 89' lang='lat' dir='ltr'>pura,</span> <span class='ocrx_word' id='word_1_664' title='bbox 2362 4260 2473 4300; x_wconf 88' lang='lat' dir='ltr'>non</span> <span class='ocrx_word' id='word_1_665' title='bbox 2502 4243 2885 4302; x_wconf 82' lang='lat' dir='ltr'>confundenda</span> <span class='ocrx_word' id='word_1_666' title='bbox 2912 4261 3036 4301; x_wconf 89' lang='lat' dir='ltr'>cum</span> <span class='ocrx_word' id='word_1_667' title='bbox 3070 4246 3375 4322; x_wconf 81' lang='lat' dir='ltr'>velleitate,</span> <span class='ocrx_word' id='word_1_668' title='bbox 3413 4248 3541 4320; x_wconf 87' lang='lat' dir='ltr'>(ubi</span> <span class='ocrx_word' id='word_1_669' title='bbox 3568 4247 3671 4320; x_wconf 78' lang='lat' dir='ltr'>quis</span> 
     </span>
     <span class='ocr_line' id='line_1_99' title="bbox 2096 4327 3669 4410; baseline 0.003 -24"><span class='ocrx_word' id='word_1_670' title='bbox 2096 4331 2287 4404; x_wconf 90' lang='lat' dir='ltr'>vellet,</span> <span class='ocrx_word' id='word_1_671' title='bbox 2334 4332 2381 4386; x_wconf 92' lang='lat' dir='ltr'>si</span> <span class='ocrx_word' id='word_1_672' title='bbox 2412 4335 2627 4403; x_wconf 86' lang='lat' dir='ltr'>posset,</span> <span class='ocrx_word' id='word_1_673' title='bbox 2681 4334 2950 4405; x_wconf 84' lang='lat' dir='ltr'>velletque</span> <span class='ocrx_word' id='word_1_674' title='bbox 2978 4327 3182 4410; x_wconf 87' lang='lat' dir='ltr'>posse)</span> <span class='ocrx_word' id='word_1_675' title='bbox 3236 4350 3380 4406; x_wconf 88' lang='lat' dir='ltr'>quae</span> <span class='ocrx_word' id='word_1_676' title='bbox 3422 4337 3485 4392; x_wconf 88' lang='lat' dir='ltr'>in</span> <span class='ocrx_word' id='word_1_677' title='bbox 3514 4338 3669 4392; x_wconf 86' lang='lat' dir='ltr'>Deum</span> 
     </span>
     <span class='ocr_line' id='line_1_100' title="bbox 2094 4419 3669 4496; baseline 0.001 -21"><span class='ocrx_word' id='word_1_678' title='bbox 2094 4435 2205 4476; x_wconf 87' lang='lat' dir='ltr'>non</span> <span class='ocrx_word' id='word_1_679' title='bbox 2232 4419 2411 4490; x_wconf 82' lang='lat' dir='ltr'>cadit3</span> <span class='ocrx_word' id='word_1_680' title='bbox 2446 4435 2545 4474; x_wconf 88' lang='lat' dir='ltr'>nec</span> <span class='ocrx_word' id='word_1_681' title='bbox 2572 4435 2699 4474; x_wconf 89' lang='lat' dir='ltr'>cum</span> <span class='ocrx_word' id='word_1_682' title='bbox 2730 4421 3010 4478; x_wconf 81' lang='lat' dir='ltr'>voluntate</span> <span class='ocrx_word' id='word_1_683' title='bbox 3038 4421 3437 4496; x_wconf 84' lang='lat' dir='ltr'>conditionali,</span> <span class='ocrx_word' id='word_1_684' title='bbox 3485 4425 3551 4479; x_wconf 90' lang='lat' dir='ltr'>de</span> <span class='ocrx_word' id='word_1_685' title='bbox 3578 4439 3669 4494; x_wconf 84' lang='lat' dir='ltr'>qna</span> 
     </span>
     <span class='ocr_line' id='line_1_101' title="bbox 2093 4507 3667 4577; baseline 0.001 -15"><span class='ocrx_word' id='word_1_686' title='bbox 2093 4507 2178 4564; x_wconf 88' lang='lat' dir='ltr'>hic</span> <span class='ocrx_word' id='word_1_687' title='bbox 2212 4523 2323 4564; x_wconf 89' lang='lat' dir='ltr'>non</span> <span class='ocrx_word' id='word_1_688' title='bbox 2354 4508 2551 4577; x_wconf 82' lang='lat' dir='ltr'>agitur.</span> <span class='ocrx_word' id='word_1_689' title='bbox 2637 4507 2842 4564; x_wconf 83' lang='lat' dir='ltr'>Tendit</span> <span class='ocrx_word' id='word_1_690' title='bbox 2864 4513 3050 4565; x_wconf 83' lang='lat' dir='ltr'>antem</span> <span class='ocrx_word' id='word_1_691' title='bbox 3080 4509 3333 4566; x_wconf 82' lang='lat' dir='ltr'>voluntas</span> <span class='ocrx_word' id='word_1_692' title='bbox 3361 4512 3667 4567; x_wconf 78' lang='lat' dir='ltr'>antecedens</span> 
     </span>
     <span class='ocr_line' id='line_1_102' title="bbox 2091 4595 3665 4670; baseline 0.003 -20"><span class='ocrx_word' id='word_1_693' title='bbox 2091 4595 2149 4650; x_wconf 89' lang='lat' dir='ltr'>in</span> <span class='ocrx_word' id='word_1_694' title='bbox 2180 4596 2299 4651; x_wconf 81' lang='lat' dir='ltr'>Deo</span> <span class='ocrx_word' id='word_1_695' title='bbox 2328 4596 2399 4652; x_wconf 82' lang='lat' dir='ltr'>ad</span> <span class='ocrx_word' id='word_1_696' title='bbox 2428 4595 2829 4668; x_wconf 86' lang='lat' dir='ltr'>procurandum</span> <span class='ocrx_word' id='word_1_697' title='bbox 2871 4612 3037 4652; x_wconf 89' lang='lat' dir='ltr'>omne</span> <span class='ocrx_word' id='word_1_698' title='bbox 3074 4597 3315 4670; x_wconf 84' lang='lat' dir='ltr'>bonnm,</span> <span class='ocrx_word' id='word_1_699' title='bbox 3370 4603 3433 4654; x_wconf 87' lang='lat' dir='ltr'>et</span> <span class='ocrx_word' id='word_1_700' title='bbox 3480 4600 3548 4654; x_wconf 80' lang='lat' dir='ltr'>ad</span> <span class='ocrx_word' id='word_1_701' title='bbox 3594 4615 3665 4654; x_wconf 76' lang='lat' dir='ltr'>re·</span> 
     </span>
     <span class='ocr_line' id='line_1_103' title="bbox 2090 4683 3663 4757; baseline 0.001 -18"><span class='ocrx_word' id='word_1_702' title='bbox 2090 4683 2405 4755; x_wconf 83' lang='lat' dir='ltr'>pellendum</span> <span class='ocrx_word' id='word_1_703' title='bbox 2448 4699 2615 4739; x_wconf 88' lang='lat' dir='ltr'>omne</span> <span class='ocrx_word' id='word_1_704' title='bbox 2654 4683 2893 4757; x_wconf 76' lang='lat' dir='ltr'>inulam,</span> <span class='ocrx_word' id='word_1_705' title='bbox 2947 4690 3218 4757; x_wconf 85' lang='lat' dir='ltr'>quatenns</span> <span class='ocrx_word' id='word_1_706' title='bbox 3256 4687 3394 4742; x_wconf 82' lang='lat' dir='ltr'>talia</span> <span class='ocrx_word' id='word_1_707' title='bbox 3420 4691 3569 4756; x_wconf 80' lang='lat' dir='ltr'>sunt,</span> <span class='ocrx_word' id='word_1_708' title='bbox 3614 4689 3663 4740; x_wconf 83' lang='lat' dir='ltr'>et</span> 
     </span>
     <span class='ocr_line' id='line_1_104' title="bbox 2088 4771 3659 4844; baseline 0.001 -19"><span class='ocrx_word' id='word_1_709' title='bbox 2088 4773 2441 4844; x_wconf 83' lang='lat' dir='ltr'>proportione</span> <span class='ocrx_word' id='word_1_710' title='bbox 2470 4771 2689 4844; x_wconf 74' lang='lat' dir='ltr'>graduS,</span> <span class='ocrx_word' id='word_1_711' title='bbox 2719 4787 2828 4844; x_wconf 88' lang='lat' dir='ltr'>qno</span> <span class='ocrx_word' id='word_1_712' title='bbox 2858 4773 3005 4828; x_wconf 86' lang='lat' dir='ltr'>bona</span> <span class='ocrx_word' id='word_1_713' title='bbox 3037 4775 3253 4830; x_wconf 81' lang='lat' dir='ltr'>malave</span> <span class='ocrx_word' id='word_1_714' title='bbox 3280 4779 3431 4832; x_wconf 85' lang='lat' dir='ltr'>sunt.</span> <span class='ocrx_word' id='word_1_715' title='bbox 3502 4775 3659 4838; x_wconf 80' lang='lat' dir='ltr'>Quam</span> 
     </span>
     <span class='ocr_line' id='line_1_105' title="bbox 2088 4858 3655 4934; baseline 0 -20"><span class='ocrx_word' id='word_1_716' title='bbox 2088 4858 2231 4915; x_wconf 82' lang='lat' dir='ltr'>seria</span> <span class='ocrx_word' id='word_1_717' title='bbox 2258 4865 2447 4916; x_wconf 82' lang='lat' dir='ltr'>autem</span> <span class='ocrx_word' id='word_1_718' title='bbox 2476 4860 2610 4914; x_wconf 80' lang='lat' dir='ltr'>haec</span> <span class='ocrx_word' id='word_1_719' title='bbox 2641 4860 2893 4916; x_wconf 86' lang='lat' dir='ltr'>voluntas</span> <span class='ocrx_word' id='word_1_720' title='bbox 2922 4860 3015 4932; x_wconf 88' lang='lat' dir='ltr'>sit,</span> <span class='ocrx_word' id='word_1_721' title='bbox 3044 4861 3195 4917; x_wconf 84' lang='lat' dir='ltr'>Deus</span> <span class='ocrx_word' id='word_1_722' title='bbox 3220 4861 3345 4934; x_wconf 82' lang='lat' dir='ltr'>ipse</span> <span class='ocrx_word' id='word_1_723' title='bbox 3362 4861 3655 4930; x_wconf 78' lang='lat' dir='ltr'>declaravit,</span> 
     </span>
     <span class='ocr_line' id='line_1_106' title="bbox 2084 4946 3653 5024; baseline 0.003 -22"><span class='ocrx_word' id='word_1_724' title='bbox 2084 4963 2212 5004; x_wconf 89' lang='lat' dir='ltr'>cnm</span> <span class='ocrx_word' id='word_1_725' title='bbox 2232 4952 2389 5004; x_wconf 84' lang='lat' dir='ltr'>tanta</span> <span class='ocrx_word' id='word_1_726' title='bbox 2410 4946 2825 5003; x_wconf 70' lang='lat' dir='ltr'>adserentione</span> <span class='ocrx_word' id='word_1_727' title='bbox 2844 4947 3009 5021; x_wconf 73' lang='lat' dir='ltr'>dixit,</span> <span class='ocrx_word' id='word_1_728' title='bbox 3036 4965 3099 5003; x_wconf 84' lang='lat' dir='ltr'>se</span> <span class='ocrx_word' id='word_1_729' title='bbox 3116 4948 3269 5010; x_wconf 82' lang='lat' dir='ltr'>nolle</span> <span class='ocrx_word' id='word_1_730' title='bbox 3296 4954 3531 5006; x_wconf 83' lang='lat' dir='ltr'>mortem</span> <span class='ocrx_word' id='word_1_731' title='bbox 3546 4963 3653 5024; x_wconf 76' lang='lat' dir='ltr'>pec·</span> 
     </span>
    </p>
   </div>
   <div class='ocr_carea' id='block_1_9' title="bbox 407 5033 3489 5112">
    <p class='ocr_par' dir='ltr' id='par_1_19' title="bbox 407 5033 3489 5112">
     <span class='ocr_line' id='line_1_107' title="bbox 407 5033 3489 5112; baseline 0 -18"><span class='ocrx_word' id='word_1_732' title='bbox 407 5051 522 5094; x_wconf 78' lang='lat' dir='ltr'>non</span> <span class='ocrx_word' id='word_1_733' title='bbox 541 5037 748 5112; x_wconf 66' lang='lat' dir='ltr'>oham,</span> <span class='ocrx_word' id='word_1_734' title='bbox 771 5042 835 5097; x_wconf 83' lang='lat' dir='ltr'>ut</span> <span class='ocrx_word' id='word_1_735' title='bbox 853 5052 980 5094; x_wconf 84' lang='lat' dir='ltr'>eam</span> <span class='ocrx_word' id='word_1_736' title='bbox 999 5035 1184 5110; x_wconf 77' lang='lat' dir='ltr'>potins</span> <span class='ocrx_word' id='word_1_737' title='bbox 1203 5035 1452 5092; x_wconf 86' lang='lat' dir='ltr'>maxime</span> <span class='ocrx_word' id='word_1_738' title='bbox 1469 5033 1768 5106; x_wconf 68' lang='lat' dir='ltr'>perfectam</span> <span class='ocrx_word' id='word_1_739' title='bbox 1789 5033 2000 5090; x_wconf 80' lang='lat' dir='ltr'>reddat.</span> <span class='ocrx_word' id='word_1_740' title='bbox 2084 5036 2288 5092; x_wconf 79' lang='lat' dir='ltr'>catoris</span> <span class='ocrx_word' id='word_1_741' title='bbox 2302 5075 2321 5108; x_wconf 92' lang='lat'>,</span> <span class='ocrx_word' id='word_1_742' title='bbox 2350 5036 2491 5092; x_wconf 83' lang='lat' dir='ltr'>velle</span> <span class='ocrx_word' id='word_1_743' title='bbox 2520 5049 2713 5092; x_wconf 88' lang='lat' dir='ltr'>omnes</span> <span class='ocrx_word' id='word_1_744' title='bbox 2740 5035 2953 5110; x_wconf 79' lang='lat' dir='ltr'>salvos,</span> <span class='ocrx_word' id='word_1_745' title='bbox 2982 5036 3164 5094; x_wconf 83' lang='lat' dir='ltr'>odisse</span> <span class='ocrx_word' id='word_1_746' title='bbox 3190 5041 3489 5110; x_wconf 77' lang='lat' dir='ltr'>peoeatnm.</span> 
     </span>
    </p>
   </div>
  </div>
 </body>
</html>
