3717 5850
345 338 435 402 50
1422 341 1515 398 lv.
1568 340 1921 400 EPISTOLA
1953 341 2062 399 AD
2087 339 2549 398 THOMASIUM.

346 505 459 547 uno
508 487 705 561 modo,
756 492 821 544 ιιι
870 485 1097 543 tollatur
1145 483 1315 541 etiam
1364 483 1531 540 simul
1578 483 1927 559 contiguitas,

344 579 495 652 quod
532 577 622 651 fit,
676 575 897 649 qnando
951 575 1030 630 ita
1070 573 1405 630 divelluntur
1450 589 1487 630 a
1524 591 1601 646 se,
1652 579 1717 630 ιιι
1763 574 1930 630 relin-

346 673 548 740 quatur
604 681 855 737 vacuum,
906 664 996 720 vel
1048 663 1143 736 sic,
1198 667 1261 717 ut
1312 667 1533 719 mancat
1580 662 1928 735 contiguitas,

344 757 493 829 quod
524 755 612 828 fit,
642 755 883 828 quande,
912 768 1055 824 quae
1080 751 1188 807 sibi
1216 751 1537 807 immediata
1564 759 1807 824 manent,
1848 757 1932 806 ta-

348 861 475 902 men
502 845 563 900 in
592 843 807 900 diversa
836 844 1141 914 moventur,
1176 857 1227 894 v.
1249 858 1299 912 g.
1328 839 1472 896 duae
1498 840 1773 913 sphaerae,
1797 855 1930 911 qua·

345 950 471 990 rum
506 949 621 988 una
651 933 883 988 alteram
910 929 1157 1000 includit,
1196 933 1427 1000 possunt
1454 928 1515 982 in
1556 928 1771 983 diversa
1812 942 1930 982 mo-

344 1021 487 1094 veri,
528 1025 593 1077 ιιι
630 1025 819 1076 tamen
846 1022 1108 1077 maneant
1142 1017 1457 1089 contiguae,
1510 1016 1639 1072 licet
1677 1015 1932 1072 desinant

345 1129 465 1168 esse
502 1109 813 1166 continuae.
892 1109 982 1163 Ex
1020 1107 1105 1162 his
1144 1108 1297 1178 patet
1347 1103 1617 1178 siquidem
1654 1104 1727 1160 ab
1766 1104 1928 1160 initio

347 1215 527 1256 massa
554 1197 902 1254 discontinua
922 1211 1017 1252 seu
1038 1193 1403 1250 vacuitatibus
1420 1193 1727 1264 interrupta
1746 1197 1930 1249 ereata

345 1289 439 1363 sit,
472 1290 675 1344 formas
704 1286 916 1358 aliquas
942 1283 1129 1340 statim
1158 1282 1421 1338 materiae
1457 1287 1737 1338 concretas
1779 1299 1929 1352 esse3

346 1379 394 1434 si
446 1391 577 1432 vero
626 1375 700 1430 ab
749 1373 911 1429 initio
949 1371 1211 1428 continua
1248 1375 1358 1443 est,
1404 1387 1621 1426 necesse
1670 1387 1815 1442 esse,
1869 1373 1932 1425 ut

348 1469 559 1524 tonnae
606 1463 855 1518 oriantur
902 1478 1001 1532 per
1050 1463 1280 1516 motum.
1349 1452 1520 1535 (Nam
1556 1459 1626 1515 de
1662 1458 1932 1514 annihila·

349 1554 501 1610 tione
538 1555 809 1609 certarum
848 1549 1091 1622 partium
1137 1549 1209 1604 ad
1250 1547 1551 1604 vacuitates
1574 1547 1658 1602 ·in
1700 1547 1932 1602 materia

346 1640 731 1716 procuranda&
760 1637 891 1710 quia
928 1654 1095 1710 supra
1122 1641 1379 1692 naturam
1414 1641 1515 1708 est,
1554 1653 1671 1692 non
1707 1627 1929 1712 loquor)

346 1731 477 1804 quia
504 1745 541 1786 a
568 1732 723 1784 motu
764 1726 983 1798 divisio,
1022 1743 1062 1781 a
1096 1725 1365 1781 divisione
1402 1724 1626 1782 termini
1654 1724 1928 1796 partium3

346 1836 383 1876 a
411 1817 663 1875 terminis
689 1816 931 1890 partium
960 1815 1162 1887 figline
1189 1829 1398 1885 carum,
1429 1829 1464 1868 a
1492 1813 1677 1886 figuris
1700 1815 1927 1886 formae,

348 1924 479 1980 crgo
506 1923 543 1962 a
572 1909 727 1962 motu
760 1907 983 1960 formae.
1038 1903 1128 1958 Ex
1154 1918 1267 1974 quo
1294 1905 1463 1974 patet,
1496 1917 1719 1957 omnem
1746 1901 1930 1974 ‹lispo—

347 1997 608 2052 sitionem
636 1993 709 2049 ad
738 1996 973 2049 sormam
1001 2008 1120 2047 oese
1146 1995 1379 2062 motum,
1410 1994 1561 2063 patet
1588 2005 1805 2063 quoque
1843 2007 1931 2046 so·

347 2084 491 2142 lutio
538 2086 742 2140 vexata
790 2082 859 2138 de
910 2079 1119 2152 origine
1168 2082 1472 2136 formarum
1507 2079 1928 2137 controversiae.

346 2172 452 2230 Cui
488 2173 575 2228 vir
614 2172 695 2228 cl.
726 2170 947 2226 Herm.
976 2167 1398 2240 Conringius
1436 2167 1698 2240 peculiari
1736 2168 1933 2224 disser-

346 2261 561 2318 tatione
598 2275 712 2316 non
754 2259 915 2316 aliter
950 2257 1200 2329 occurrit,
1240 2273 1407 2329 quam
1449 2257 1793 2313 concedendo
1822 2259 1933 2312 sor·

350 2365 473 2406 mas
500 2365 575 2404 ex
602 2347 779 2404 nihilo
806 2347 956 2418 oriri,
986 2347 1081 2402 sed
1106 2345 1489 2401 meditationes
1517 2346 1655 2402 istae
1676 2361 1931 2418 compen-

350 2438 647 2496 diosiorem
684 2436 835 2492 viam
876 2439 1200 2507 monstrant,
1240 2439 1305 2489 ut
1342 2435 1472 2490 illuc
1510 2435 1801 2508 confugere
1836 2451 1934 2491 ne-

351 2544 501 2584 cesse
528 2543 643 2582 non
672 2525 763 2580 sit.
851 2524 1097 2580 Dicimus
1124 2523 1274 2580 enim
1316 2525 1521 2579 formas
1556 2523 1694 2579 oriri
1732 2539 1806 2580 ex
1834 2539 1933 2596 po-

351 2616 525 2674 tentia
572 2614 853 2687 materiae,
902 2630 1018 2669 non
1056 2611 1265 2684 aliquid
1306 2628 1513 2667 novum
1562 2611 1932 2684 producendo,

350 2707 449 2762 sed
476 2709 692 2762 tantum
720 2708 876 2758 vetus
914 2702 1176 2776 tollend0,
1219 2706 1277 2756 et
1304 2718 1403 2772 per
1441 2700 1771 2757 divisionem
1810 2717 1934 2774 par-

352 2795 493 2850 tium
534 2793 798 2850 terminos
844 2792 1145 2863 causandO,
1188 2789 1651 2862 quemadmodum
1700 2790 1796 2863 qui
1843 2806 1934 2845 eo-

351 2884 601 2941 lumnam
628 2881 777 2953 facit,
808 2881 947 2938 nihil
973 2880 1125 2937 aliud
1154 2879 1303 2951 facit,
1333 2894 1500 2951 quam
1528 2879 1673 2952 quod
1714 2877 1934 2935 inutilia

354 2972 517 3044 tollit,
547 2971 827 3028 residuum
864 2971 1091 3027 caeteris
1128 2968 1361 3025 sublatis
1398 2986 1467 3025 eo
1496 2968 1617 3041 ipso
1648 2984 1773 3025 eam
1800 2970 1934 3040 figu-

351 3078 471 3119 ram
500 3060 847 3131 nanciscitur,
878 3076 1043 3132 quam
1072 3073 1331 3113 vocamus
1357 3058 1697 3130 columnam,
1730 3057 1936 3113 scilicet

353 3166 545 3207 omnes
582 3150 786 3221 figurae
824 3166 921 3204 seu
950 3150 1158 3203 formae
1195 3147 1257 3201 in
1284 3146 1406 3217 ipsa
1432 3162 1615 3201 massa
1652 3146 1935 3201 continen-

353 3244 462 3313 tur,
492 3238 741 3309 indigent
770 3240 985 3292 tantum
1024 3233 1494 3307 determinatione,
1536 3237 1594 3289 et
1632 3234 1829 3289 actuali
1858 3234 1933 3288 ab

353 3327 478 3383 aliis
516 3324 937 3382 adhaerentibus
975 3322 1336 3395 separatione.
1414 3323 1531 3377 Hac
1568 3322 1936 3395 explicatione

353 3414 595 3471 admissa
620 3414 781 3469 ludus
808 3416 867 3468 et
886 3411 1045 3482 jocus
1074 3416 1201 3467 sunt
1228 3426 1579 3483 quaecunque
1605 3416 1797 3467 contra
1824 3410 1934 3467 ori·

353 3504 541 3576 ginem
569 3504 869 3557 sennarum
897 3516 969 3555 ex
998 3498 1247 3573 potentia
1273 3500 1533 3556 materiae
1562 3504 1874 3556 monentur.

442 3591 546 3647 IX.
569 3591 759 3645 Restat
768 3606 917 3645 nunc
928 3592 989 3645 ιιι
997 3590 1069 3645 ad
1082 3588 1415 3644 mutationes
1424 3587 1722 3645 veniamus.
1752 3589 1934 3643 Muta-

354 3680 532 3737 tiones
548 3682 937 3737 enumerantur
955 3678 1119 3749 vulgo
1129 3680 1185 3734 et
1194 3680 1338 3733 recte
1356 3696 1368 3730 :
1395 3678 1692 3752 generatio,
1714 3693 1934 3749 cormp-

353 3768 453 3841 tio,
463 3767 850 3842 augmentati0‚
862 3767 1171 3839 diminutio,
1184 3765 1435 3822 alteratio
1454 3771 1511 3822 et
1532 3766 1767 3823 mutatio
1792 3767 1935 3822 loca·-

352 3857 423 3913 lis
444 3874 539 3915 seu
560 3862 757 3915 motus.
790 3857 905 3913 Has
926 3872 1117 3913 omnes
1137 3859 1333 3929 putant
1352 3856 1678 3913 recentiores
1698 3872 1797 3928 per
1816 3870 1935 3909 mo·

354 3951 475 4003 tum
485 3948 711 4004 localem
724 3946 903 4002 solum
914 3945 1177 4018 explicari
1186 3962 1361 4017 posse.
1392 3945 1465 3999 Et
1474 3944 1713 4017 primum
1724 3944 1795 3999 de
1802 3959 1934 4014 aug-

352 4036 690 4092 mentatione
718 4039 779 4090 et
806 4034 1173 4091 diminutione
1198 4032 1493 4089 manifoeta
1530 4050 1617 4089 res
1660 4038 1773 4103 est,
1814 4048 1933 4087 mu-

350 4124 491 4181 tatio
518 4124 666 4179 enim
705 4122 1029 4195 quantitatis
1068 4122 1130 4179 in
1156 4126 1277 4177 toto
1318 4122 1394 4193 fit,
1426 4121 1558 4177 dum
1588 4136 1715 4192 pars
1752 4121 1934 4176 locum

353 4215 549 4283 mutat,
580 4216 637 4267 et
664 4212 751 4266 vel
779 4212 984 4267 accedit
1015 4212 1103 4268 vel
1132 4210 1361 4267 decedit.
1450 4210 1645 4265 Restat
1684 4214 1747 4263 ut
1775 4224 1934 4280 gene-

351 4300 623 4357 rationem
650 4304 709 4355 et
736 4300 1141 4372 corruptionem
1179 4304 1237 4356 et
1274 4298 1656 4354 alterationem
1697 4298 1935 4368 explice-

352 4404 477 4445 mus
504 4404 602 4461 per
628 4391 857 4461 motum,
888 4393 945 4443 et
972 4394 1237 4461 praenoto
1276 4386 1509 4442 eandem
1545 4401 1777 4445 numero
1814 4402 1935 4442 mu·

352 4478 621 4533 tationem
638 4494 756 4533 aese
774 4476 939 4532 simul
959 4476 1365 4549 generationem
1374 4478 1432 4529 ct
1450 4474 1831 4531 alterationem
1852 4476 1935 4532 di·

352 4582 650 4639 versorum,
664 4582 794 4621 nam
816 4566 1053 4639 exempli
1076 4581 1242 4621 causa
1262 4578 1451 4619 verum
1472 4569 1571 4635 est,
1588 4564 1934 4637 putredinem

350 4654 646 4711 consistere
666 4654 723 4711 in
746 4655 1023 4712 vermibus
1054 4655 1163 4710 illis
1187 4652 1339 4709 nudo
1358 4653 1484 4707 visu
1504 4652 1930 4725 insensibilibus,

350 4743 459 4801 erit
468 4742 691 4800 infectio
698 4743 884 4816 aliqua
892 4742 1111 4817 putrida
1118 4741 1371 4797 alteratio
1379 4740 1632 4813 hominis,
1650 4742 1931 4813 generatio

354 4832 571 4889 vermis.
594 4831 855 4889 Similiter
865 4833 917 4887 H
927 4850 963 4887 o
973 4849 1008 4887 o
1022 4830 1062 4885 k
1072 4831 1093 4885 i
1104 4848 1141 4886 u
1150 4846 1178 4885 s
1192 4830 1253 4885 in
1260 4830 1655 4903 micrographia
1668 4832 1926 4905 ostendit,

350 4921 663 4995 rubiginem
692 4919 751 4976 in
779 4922 924 4977 ferro
952 4936 1071 4977 esse
1088 4918 1347 4975 subtilem
1376 4919 1651 4989 sylvulam
1678 4924 1930 4989 enatamt,

352 5011 749 5083 rubiginescere
789 5008 958 5080 igitur
994 5008 1099 5065 erit
1146 5008 1404 5064 alteratio
1443 5008 1600 5080 ferri,
1654 5008 1931 5081 generatio

352 5112 647 5173 parvorum
696 5096 964 5157 antium.
1044 5098 1329 5153 Caeterum
1384 5100 1499 5153 tam
1547 5098 1827 5169 generatio
1875 5101 1932 5153 et

353 5190 645 5263 corruptio,
696 5202 863 5261 quam
912 5187 1165 5243 alteratio
1212 5186 1477 5259 explicari
1526 5203 1624 5258 per
1672 5187 1929 5243 subtilem

2030 483 2270 558 partium
2297 485 2510 538 motum
2539 483 2738 556 potaet,
2770 497 2823 535 v.
2853 499 2904 554 g.
2931 495 3104 554 quum
3131 481 3322 538 album
3341 481 3430 553 sit,
3461 481 3622 554 quod

2029 574 2208 629 lucem
2245 571 2540 644 plurimam
2579 570 2834 643 reflectit,
2875 569 3094 642 nigrum
3107 609 3123 642 ,
3173 570 3322 642 quod
3362 586 3620 643 parvam,

2029 665 2192 718 erunt
2217 676 2284 715 ea
2313 660 2459 734 alba,
2489 675 2724 732 quorum
2753 658 3062 732 superficies
3089 659 3266 715 multa
3293 667 3464 731 parva
3489 677 3623 733 spe-

2029 749 2152 805 cula
2180 748 2454 819 eontinet3
2485 747 2618 803 haec
2643 746 2788 804 ratio
2825 751 2912 804 est
2945 763 3043 804 cur
3079 763 3226 820 aqua
3265 763 3624 819 spumescens

2030 837 2104 893 sit
2129 837 2276 910 alba,
2308 837 2438 908 quia
2465 835 2768 892 innumeris
2805 837 3029 892 bullulis
3067 841 3302 908 constat,
3341 841 3476 908 quot
3515 852 3624 892 au-

2031 931 2142 982 tem
2173 925 2430 998 bullulae,
2451 929 2539 981 tot
2559 925 2804 999 speculas
2833 941 3004 998 quum
3029 931 3160 980 ante
3185 929 3308 981 tota
3327 927 3440 981 fere
3465 941 3624 998 aqua

2029 1031 2145 1071 non
2195 1013 2306 1069 nisi
2355 1029 2530 1068 unum
2577 1013 2856 1086 speculum
2903 1013 3098 1084 fuerit3
3151 1013 3624 1086 quemadmodum

2030 1103 2250 1176 speculo
2277 1102 2454 1158 vitreo
2497 1105 2672 1158 tracto
2699 1107 2836 1174 quot
2863 1107 3047 1174 partes
3087 1107 3172 1158 tot
3198 1101 3418 1176 specula
3443 1103 3620 1159 fiunt:

2031 1207 2172 1264 quae
2197 1191 2368 1247 etiam
2396 1207 2562 1247 causa
2587 1195 2688 1263 est,
2717 1207 2818 1247 cur
2841 1192 3048 1247 vitrum
3087 1195 3376 1248 contusum
3413 1191 3488 1247 sit
3531 1193 3621 1248 al-

2030 1281 2154 1337 bius
2181 1279 2412 1352 integro.
2467 1279 2732 1362 Similiter
2769 1279 2936 1352 igitur
2962 1295 3106 1352 aqua
3149 1297 3248 1353 per
3285 1280 3524 1336 bullulas
3551 1281 3622 1336 iu

2031 1369 2296 1425 distincta
2322 1369 2474 1424 velut
2513 1369 2736 1441 specula
2773 1370 2950 1424 fracta
2987 1369 3188 1425 albedo
3225 1369 3417 1441 oritur,
3469 1385 3624 1442 qnae

2031 1458 2176 1514 ratio
2203 1457 2374 1514 ctiam
2400 1461 2504 1530 ost,
2535 1473 2632 1513 cur
2657 1435 2760 1512 nix
2789 1457 2862 1512 sit
2889 1457 3074 1514 albior
3101 1457 3288 1530 glacie,
3327 1461 3386 1514 et
3412 1457 3623 1530 glacioe

2031 1562 2193 1619 aqua.
2247 1545 2474 1602 Falsum
2499 1546 2650 1602 enim
2673 1550 2762 1602 oet
2787 1545 2978 1602 nivem
3003 1561 3121 1604 esse
3147 1561 3347 1619 aquam
3375 1547 3622 1604 conden-

2030 1639 2238 1709 satam,
2291 1651 2464 1707 quum
2501 1634 2576 1691 sit
2613 1636 2884 1691 rarefacta
2919 1636 3104 1708 potius
3139 1635 3288 1692 unde
3333 1639 3392 1690 et
3437 1636 3624 1692 levior

2030 1739 2173 1796 aqua
2211 1727 2296 1778 σει
2334 1727 2394 1779 et
2429 1724 2552 1797 plus
2587 1723 2752 1796 spatii
2791 1727 3036 1796 occupat.
3109 1723 3233 1790 Qua
3271 1724 3490 1780 ratione
3527 1741 3621 1780 so·

2031 1813 2244 1886 phisma
2271 1811 2732 1886 Anaxagorae
2769 1811 2840 1868 de
2875 1813 3006 1869 nive
3031 1812 3190 1886 nigra
3226 1812 3470 1869 diluitur.
3541 1813 3626 1869 Et

2031 1901 2156 1957 hine
2187 1900 2311 1969 jam
2347 1905 2502 1974 patet
2553 1901 2674 1956 sola
2723 1901 2927 1973 figurae
2963 1905 3022 1957 et
3055 1902 3196 1958 situs
3234 1901 3294 1956 in
3333 1903 3625 1974 superficie

2031 1989 2338 2046 mutatione
2378 1990 2590 2046 coloroe
2639 1988 2805 2061 oriri,
2857 1989 3007 2046 idem
3049 1989 3122 2046 de
3159 1990 3296 2062 luce,
3335 1991 3518 2047 calore
3561 1995 3625 2046 et

2031 2079 2290 2135 omnibus
2309 2078 2684 2151 qualitatibus,
2707 2078 2754 2133 si
2775 2078 2924 2134 locus
2945 2083 3238 2152 pateretur,
3261 2079 3418 2136 facile
3437 2080 3624 2152 expli-

2030 2167 2146 2223 cari
2156 2171 2355 2240 posset.
2386 2167 2516 2223 Jam
2533 2183 2684 2240 vero,
2703 2166 2754 2222 si
2769 2167 3060 2239 qualitates
3083 2185 3182 2241 per
3203 2168 3382 2224 solum
3399 2173 3624 2224 motum

2033 2260 2342 2327 mutantur,
2380 2273 2447 2312 eo
2476 2255 2600 2329 ipso
2621 2260 2678 2312 et
2705 2255 3012 2312 substantia
3031 2257 3360 2314 mutabitur:
3389 2257 3625 2313 mutatis

2033 2345 2184 2400 enim
2203 2345 2480 2417 omnibus,
2493 2345 2609 2401 imo
2627 2348 2687 2400 et
2703 2345 3047 2418 quibusdam,
3071 2345 3360 2420 requisitis,
3385 2362 3473 2401 res
3497 2346 3625 2418 ipoe

2033 2433 2274 2490 tollitur:
2297 2451 2348 2488 v.
2362 2433 2566 2506 g.sivel
2577 2434 2754 2489 lucem
2775 2435 2858 2489 vel
2867 2433 3107 2490 calorem
3123 2435 3417 2507 sustuleris,
3431 2435 3622 2507 ignem

2035 2521 2346 2594 sustuleris3
2375 2527 2669 2594 utrumque
2695 2527 2852 2578 motu
2889 2522 3124 2580 inhibito
3163 2524 3402 2580 effeceris
3415 2565 3432 2596 ,
3473 2539 3625 2595 quae

2034 2612 2182 2668 ratio
2219 2615 2302 2667 σει
2343 2627 2439 2667 cur
2475 2611 2620 2684 ignis
2657 2613 2872 2668 clausus
2909 2612 3118 2683 pabulo
3151 2613 3298 2668 aeris
3333 2612 3626 2668 deficiente

2035 2701 2320 2772 moriatur,
2365 2705 2430 2756 ut
2455 2704 2668 2756 taceam
2707 2700 2999 2756 essentiam
3027 2717 3064 2756 a
3103 2701 3462 2773 qualitatibus
3499 2701 3624 2758 suis

2034 2805 2148 2846 non
2189 2789 2298 2844 nisi
2339 2789 2608 2846 relatione
2649 2790 2721 2845 ad
2762 2805 2982 2846 sensum
3023 2789 3258 2846 differre.
3329 2789 3426 2845 Uti
3465 2789 3623 2846 enim

2033 2879 2226 2935 eadem
2253 2878 2448 2935 civitas
2475 2878 2646 2935 aliam
2673 2877 2760 2935 sui
2788 2879 2981 2935 faciem
3009 2879 3190 2954 offert,
3219 2878 3269 2935 si
3295 2895 3332 2936 a
3359 2879 3526 2935 Antri
3563 2879 3624 2935 in

2035 2968 2218 3024 media
2245 2969 2382 3025 urbe
2410 2968 2702 3041 despicias,
2745 2966 2856 3037 (in
2885 2969 3119 3025 Grund
3160 2969 3427 3041 gelegt)
3469 2969 3624 3040 quod

2035 3057 2262 3130 perinde
2287 3062 2386 3129 est,
2417 3073 2482 3112 ac
2509 3057 2558 3111 si
2595 3056 2892 3112 essentiam
2927 3056 3106 3130 ipsam
3145 3057 3418 3130 intuearet,
3458 3058 3626 3114 aliter

2035 3150 2279 3219 apparet,
2311 3146 2358 3201 si
2381 3145 2717 3201 extrinsecus
2743 3146 2982 3220 accedas,
3013 3146 3164 3218 quod
3191 3145 3418 3219 perinde
3443 3150 3532 3202 est
3561 3163 3626 3203 ac

2035 3235 2087 3290 si
2114 3234 2361 3307 corporis
2389 3234 2680 3306 qualitates
2711 3234 3006 3308 percipias3
3045 3239 3104 3290 et
3131 3239 3195 3290 ut
3223 3236 3340 3309 ipse
3375 3236 3626 3292 civitatis

2034 3328 2294 3379 externus
2333 3326 2582 3396 aspectus
2621 3324 2828 3395 variat,
2879 3328 3042 3397 prout
3077 3340 3114 3379 a
3151 3325 3322 3380 latere
3357 3324 3624 3381 orientali

2035 3411 2122 3467 vel
2151 3412 2492 3485 occidentali,
2525 3412 2880 3483 dis-accedis,
2913 3412 2990 3468 ita
3019 3412 3274 3469 similiter
3311 3430 3414 3486 pro
3442 3414 3624 3469 varie·

2035 3504 2150 3556 tate
2177 3516 2508 3573 organorum
2535 3500 2754 3557 variant
2794 3500 3099 3574 qualitates.
3164 3502 3254 3557 Ex
3281 3500 3366 3558 his
3386 3501 3514 3572 jam
3547 3505 3624 3559 sa-

2033 3589 2138 3644 eile
2165 3593 2334 3663 patet,
2367 3605 2558 3645 omnoe
2598 3590 2930 3646 mutationes
2967 3606 3067 3663 per
3101 3596 3316 3647 motum
3353 3591 3624 3665 explicari

2033 3694 2210 3751 posse.
2277 3677 2392 3733 Nec
2421 3679 2622 3752 obstat,
2663 3679 2810 3751 quod
2848 3679 3126 3751 generatio
3163 3680 3225 3735 fit
3263 3680 3323 3734 in
3371 3680 3625 3751 instanti,

2035 3770 2218 3823 motus
2245 3771 2330 3822 est
2357 3767 2704 3839 successivus,
2733 3782 2865 3822 nam
2903 3766 3182 3839 generatio
3221 3784 3338 3823 non
3375 3772 3462 3824 est
3503 3784 3627 3824 mo-

2035 3859 2141 3927 ιιιε,
2173 3856 2269 3911 sed
2297 3855 2421 3910 finis
2441 3858 2642 3928 motus,
2665 3854 2790 3923 jam
2809 3860 2996 3911 motus
3019 3856 3148 3912 finis
3173 3860 3258 3912 est
3278 3856 3340 3911 in
3367 3856 3625 3929 instanti,

2033 3960 2165 3999 nam
2203 3945 2376 4015 figura
2421 3944 2608 4017 aliqua
2655 3944 2854 4001 ultimo
2899 3944 3120 4001 demum
3159 3945 3389 4001 instanti
3437 3952 3627 4002 motus

2035 4031 2354 4105 producitur
2380 4048 2474 4087 seu
2505 4038 2810 4105 generatur,
2843 4033 2926 4089 uti
2965 4034 3196 4090 circulus
3233 4038 3490 4091 extremo
3533 4036 3628 4091 de-

2035 4136 2189 4177 mum
2233 4126 2516 4177 momento
2561 4122 3070 4195 circumgyrationis
3119 4123 3454 4196 producitur.
3535 4124 3628 4180 Ex

2034 4210 2120 4267 his
2147 4210 2314 4265 etiam
2343 4214 2512 4283 patet,
2542 4228 2641 4267 cur
2667 4214 2848 4267 forma
2869 4212 3246 4267 substantialis
3265 4214 3536 4269 consistat
3565 4213 3628 4268 in

2033 4298 2378 4371 indivisibili,
2411 4316 2510 4355 nec
2537 4300 2764 4373 recipiat.
2791 4299 2972 4369 majus
2999 4304 3098 4356 aut
3123 4300 3320 4357 minus,
3388 4302 3540 4357 Nam
3569 4308 3626 4355 et

2035 4388 2208 4459 ligura
2245 4404 2360 4443 non
2409 4388 2605 4461 recipit
2651 4388 2830 4457 maius
2877 4392 2976 4445 aut
3023 4389 3221 4445 nunus.
3308 4390 3430 4445 Etsi
3471 4390 3630 4445 enim

2033 4476 2270 4532 circulus
2307 4477 2381 4533 sit
2417 4478 2618 4533 circulo
2658 4476 2854 4550 major,
2893 4494 3012 4533 non
3051 4484 3238 4534 tamen
3273 4483 3360 4535 est
3387 4480 3627 4535 circulm

2033 4565 2208 4621 altero
2238 4565 2412 4639 magis
2441 4566 2688 4639 circulus,
2718 4582 2851 4622 nam
2878 4566 3066 4623 circuli
3093 4566 3332 4623 essentia
3369 4566 3626 4623 consistit

2033 4653 2092 4709 in
2113 4655 2444 4726 aequalitate
2477 4655 2746 4713 linearum
2765 4671 2800 4711 a
2819 4660 3010 4713 centm
3029 4656 3102 4711 ad
3123 4656 3624 4713 circumferentiam

2031 4743 2334 4816 ductarum,
2341 4743 2462 4812 jam
2483 4745 2728 4817 aequitas
2737 4744 2988 4800 consistit
2999 4744 3059 4801 in
3069 4745 3414 4817 indivisibili,
3426 4761 3528 4801 ner.
3539 4762 3624 4800 re-

2031 4832 2165 4904 cipit
2190 4832 2368 4901 majus
2389 4836 2486 4888 aut
2509 4834 2708 4889 minus.
2740 4833 2854 4889 Nec
2873 4834 3002 4890 vero
3013 4834 3181 4904 objici
3205 4833 3370 4891 debet
3393 4836 3622 4907 figuram

2031 4925 2128 4976 aut
2139 4921 2570 4993 magnitudinem
2581 4940 2698 4979 esse
2707 4922 3024 4995 accidentia,
3046 4938 3226 4995 neque
3241 4924 3393 4979 enim
3407 4938 3627 4995 semper

2031 5013 2161 5065 sunt
2181 5008 2497 5083 accidentia,
2509 5026 2644 5067 nam
2663 5012 2765 5068 etsi
2777 5028 2828 5065 v,
2841 5012 3080 5085 g.fluxus
3101 5012 3174 5067 sit
3183 5012 3434 5068 accidens
3445 5013 3626 5085 plum-

2033 5098 2110 5168 bi,
2136 5098 2260 5153 fluit
2279 5098 2428 5153 enim
2447 5114 2563 5155 non
2581 5099 2690 5155 nisi
2713 5100 2772 5155 in
2794 5100 2950 5172 igne3
2973 5104 3060 5155 est
3081 5104 3270 5156 tamen
3292 5102 3363 5157 de
3383 5100 3622 5157 essentia

2033 5186 2370 5259 Hydrargyri
2384 5206 2402 5260 3
2416 5186 2540 5256 jam
2558 5204 2722 5244 causa
2741 5190 2922 5245 fluxus
2933 5193 3018 5245 est
3035 5188 3180 5245 haud
3201 5188 3368 5247 dubie
3379 5190 3624 5264 partium
