3717 5850
992 328 1057 383 V.
1114 328 1217 387 DE
1256 328 1466 387 STILO
1503 328 2024 387 PHlLosoPfflco
2053 330 2345 389 NIZOLII.

129 487 223 540 mi.
270 476 429 542 Qum-e
442 488 574 547 ³non
614 476 751 545 puto
788 471 1111 545 prudentem
1142 486 1455 545 quenquam
1484 472 1620 527 mihi

129 573 221 629 vitio
249 578 497 623 vei-summ
535 561 687 633 quod
726 561 789 615 in
825 563 1051 617 caeteris
1093 562 1299 633 passim
1336 561 1617 633 probatur.

126 664 237 717 (lette
256 652 429 711 cruditi
454 650 535 705 illi
562 648 735 722 Angli
774 648 871 721 qui
910 652 997 705 tot
1022 650 1257 706 aliorum
1302 649 1520 706 labores
1558 650 1619 705 in

126 748 371 819 scripmram
395 746 599 795 sacram
630 754 743 793 uno
770 737 1077 795 Bibliorum
1106 738 1435 794 criticorum
1464 738 1618 794 volu-

124 838 229 894 mine
249 827 489 901 complexi
516 830 665 900 sunt,
698 826 947 882 omnium
975 826 1229 900 plausum
1258 827 1445 882 tulere.
1499 826 1535 881 J
1544 845 1579 883 o
1594 855 1617 866 -

126 928 311 983 hannes
355 916 727 973 Fichardus
764 915 931 971 Jctus
979 915 1447 972 Francot'urtensis
1494 915 1619 971 dili-

124 1018 277 1087 gentem
316 1020 525 1080 operam
576 1005 763 1076 dabat,
816 1008 879 1061 ut
913 1002 1337 1061 Juriseonsultos
1374 1004 1617 1077 egregios

124 1120 191 1176 per
210 1097 387 1154 ltaliam
420 1092 851 1166 Hispanimuque
888 1092 1081 1166 editos,
1125 1097 1182 1149 et
1220 1094 1281 1148 in
1318 1092 1617 1148 Germania

124 1192 285 1246 inrmtu
303 1200 439 1240 raros
458 1182 687 1238 iteratae
707 1182 939 1237 editioni
966 1185 1282 1238 maturaret.
1326 1182 1461 1237 Lau
1474 1196 1615 1237 ren·

124 1279 219 1333 tius
238 1270 581 1343 Strausius,
610 1270 871 1344 Medicus,
896 1270 1139 1327 editione
1158 1270 1357 1326 theatri
1385 1271 1615 1343 Sympa-

124 1363 251 1423 liutici
294 1360 661 1432 variorumque
688 1359 962 1431 opusculis
990 1359 1052 1415 in
1080 1376 1149 1415 eo
1184 1358 1425 1428 junctim
1464 1374 1614 1415 recub

124 1456 185 1525 sis,
207 1468 365 1524 operae
388 1452 530 1505 certe
561 1447 800 1521 pretium
828 1448 969 1504 fecit.
1028 1448 1165 1513 Quis
1194 1447 1425 1521 Regiam
1454 1452 1615 1519 typo·

124 1540 328 1615 graphium
345 1536 719 1609 Parisiensem,
742 1536 1163 1610 ElzevirioS,
1187 1536 1614 1608 Blaviosque

123 1646 198 1687 nnn
225 1628 394 1697 laudat,
420 1626 515 1697 qui
560 1625 675 1681 suis
702 1626 792 1682 vel
831 1626 1061 1697 notitiis,
1102 1624 1363 1697 historiiS,
1408 1640 1614 1680 memo-

122 1720 245 1789 ri‘sva
280 1716 355 1771 vel
390 1713 808 1787 Rebmpublicis
846 1716 937 1769 vel
976 1714 1297 1770 Atlantibus
1336 1718 1421 1769 tot
1458 1730 1613 1786 prae-

121 1810 221 1863 dara
238 1806 567 1861 monumenta
593 1820 691 1877 per
717 1802 1083 1859 Bibliothecas
1120 1802 1369 1875 alioquin
1393 1802 1614 1858 latitan-

121 1897 171 1951 tia
190 1896 235 1949 in
255 1894 351 1949 luce
376 1896 607 1965 ponunt.
680 1892 835 1947 Idem
862 1892 1167 1947 editoribus
1194 1892 1409 1947 velleris
1436 1891 1612 1962 aurei,

118 1984 211 2039 artis
231 1982 473 2052 amiserae,
504 1984 570 2035 et
596 1980 793 2037 tlieatri
821 1980 1057 2036 Chemici
1086 1996 1281 2054 scopus
1310 1978 1433 2053 fuit,
1466 1980 1615 2051 quod

117 2072 173 2127 illi
202 2086 297 2126 cum
326 2070 603 2142 voluptate
640 2068 901 2142 sentiunt,
940 2070 1037 2142 qui
1080 2068 1163 2124 his
1202 2068 1397 2124 studiis
1424 2068 1613 2142 dediti,

116 2160 385 2231 conquiremli
448 2161 505 2213 et
570 2158 745 2215 multa
802 2158 955 2213 velut
1002 2172 1203 2213 arcana
1250 2156 1613 2230 (inscribendi,

117 2265 211 2321 qne
230 2264 351 2303 nunc
372 2246 525 2305 facile
561 2246 833 2319 parabilia
857 2250 1003 2317 sunt,
1036 2246 1421 2302 molestissimo
1452 2261 1619 2301 onere

117 2336 312 2394 levantur.
367 2336 401 2391 J
408 2350 543 2391 ano
572 2337 750 2391 Grnt
766 2352 879 2391 ero
900 2334 1247 2406 antiquitatis
1274 2340 1332 2390 et
1358 2334 1617 2391 historiae

71 2472 73 2477 .
118 2425 281 2480 studiosi
305 2430 541 2481 aeternas
570 2424 777 2496 gratias
797 2424 1073 2496 deberent,
1105 2422 1276 2479 etiam
1303 2422 1353 2478 si
1383 2423 1519 2480 nihil
1548 2423 1617 2479 de

118 2531 195 2585 suo,
216 2514 295 2570 sed
316 2514 560 2569 collectos
592 2516 811 2568 tantum
838 2512 1076 2569 aliorum
1104 2512 1425 2567 utilissimos
1463 2512 1619 2569 labo·

118 2620 173 2658 ren
192 2608 284 2657 tum
306 2604 359 2657 iii
385 2604 497 2657 sace
524 2600 751 2673 Critian,
792 2606 913 2656 tum
940 2602 1001 2656 in
1030 2600 1297 2657 (ln-onice
1324 2601 1618 2657 Chronico-

116 2708 195 2747 rum
234 2690 427 2764 politico
475 2689 611 2760 (ubi
662 2706 867 2745 nomen
922 2706 1085 2747 suum
1134 2690 1239 2745 sub
1290 2689 1616 2745 Gualteri

118 2780 255 2851 Belgae
274 2780 479 2836 nomine
506 2794 629 2835 non
656 2778 959 2834 necessaria
988 2777 1314 2834 verecundia
1352 2778 1617 2847 occuluit)

119 2868 243 2925 hrudi
266 2868 587 2926 reddidisset.
679 2867 785 2923 Sed
824 2884 859 2923 a
894 2866 1213 2923 collectione
1252 2868 1529 2928 variorum
1558 2866 1619 2921 in

119 2974 235 3012 unum
256 2958 315 3013 ad
340 2961 479 3014 certa
506 2961 853 3014 eertommve
880 2961 1167 3014 auctorum
1198 2955 1401 3030 scripta
1440 2974 1621 3013 recen-

118 3046 188 3102 sita
214 3047 473 3102 veniamus.
560 3045 901 3102 Blondum
951 3045 1385 3116 Verburgius
1432 3045 1619 3102 recudi

118 3135 215 3204 iecit,
238 3135 638 3208 onuphrium
676 3136 759 3191 de
798 3135 1127 3191 Comitiis
1166 3133 1301 3190 olim
1341 3135 1621 3190 Hortle-

119 3221 257 3280 clerus
286 3225 459 3297 edidit,
489 3229 547 3280 et
578 3239 717 3280 mox
756 3239 883 3279 cum
920 3223 1303 3297 supplemento
1344 3223 1473 3280 edet
1514 3234 1622 3274 πο-

119 3296 509 3384 λυμαὲέςατος
542 3313 985 3384 Lambecius3
1016 3312 1307 3367 Grotius

174 3427 191 3437 ·
210 3426 227 3438 ·
248 3401 385 3464 Quod
411 3401 797 3458 Cassandri
826 3401 1041 3457 veracia
1068 3401 1283 3473 Scripta
1310 3402 1561 3456 teruntur

254 3489 573 3547 Gordcsio
607 3494 785 3563 grates
812 3490 947 3546 haec
974 3489 1121 3546 bona
1150 3492 1375 3562 propter
1400 3487 1534 3559 agit.

172 3576 399 3634 &amnica
422 3595 731 3651 recensere,
763 3579 1084 3650 emaculare,
1124 3581 1183 3633 et
1209 3576 1516 3648 defendere,
1560 3581 1624 3631 ut

116 3669 151 3718 et
170 3665 312 3738 audio,
338 3668 705 3724 destinaverat
733 3666 1284 3723 MallincrotiuS.
1341 3664 1623 3720 Allatiana

116 3757 151 3806 a
172 3753 353 3812 Niciam
378 3757 525 3830 typis
554 3755 779 3812 Batavis
806 3756 990 3812 emisit
1017 3754 1386 3826 Nihusius;
1430 3753 1623 3808 Gali-

116 3841 213 3897 laei
234 3843 575 3902 institutiones
603 3845 1029 3916 GassenduS,
1073 3843 1324 3912 eiusdem
1359 3842 1623 3898 circinum

116 3927 507 4002 Pmport-ionalcm
537 3935 1055 4006 Berneg-gerus,
1088 3932 1255 3988 ambo
1286 3930 1389 3986 viri
1418 3946 1533 3986 non
1562 3930 1623 3986 in

118 4019 281 4076 namsi
304 4023 483 4096 magis,
526 4039 699 4095 quam
727 4022 880 4094 omui
909 4021 1217 4079 eruditione
1244 4019 1620 4091 versatissimi,

118 4105 209 4162 alter
230 4109 277 4162 in
302 4111 611 4184 Germania,
654 4111 795 4167 alter
834 4111 892 4165 in
930 4109 1132 4182 Gallia,
1169 4113 1436 4165 renovata
1474 4111 1625 4164 voete

119 4192 349 4255 induerunt.
400 4199 821 4272 Berneggeri
848 4199 1013 4268 hujus
1040 4199 1305 4271 synopsin
1334 4196 1625 4270 Lipsianae

120 4283 303 4351 politicae
353 4289 699 4345 doctissimus
765 4288 915 4344 Joh.
975 4287 1287 4342 Andreas
1345 4285 1622 4356 Rosius,

120 4369 513 4446 Clapmarium
542 4376 951 4447 Schookius,
985 4375 1403 4432 Wowerium
1443 4391 1479 4429 a
1506 4374 1625 4448 pla-

122 4459 167 4527 gii
202 4462 411 4536 impacto
456 4467 691 4522 erimine
738 4465 1079 4520 vindicatum
1112 4453 1489 4520 'solidissimae
1538 4462 1627 4518 vir

71 4583 75 4602 ι
123 4549 364 4608 eruditionis
399 4555 707 4612 Jacobus
735 4553 1181 4624 Thomasius,
1214 4551 1501 4609 Seldeni
1534 4551 1627 4620 ,ius

124 4645 279 4696 mun-ae
303 4644 647 4700 etGentium
678 4642 765 4710 (et
803 4643 1081 4698 Aeneae
1118 4640 1343 4710 Sylvii
1385 4639 1629 4696 Fride-

124 4723 268 4784 ritum
302 4731 391 4786 111.
432 4732 753 4805 propediem
804 4721 1075 4805 editurus)
1115 4731 1478 4786 Boeclerus
1528 4743 1627 4783 suo

125 4815 255 4872 mito
286 4821 443 4892 longe
480 4819 884 4891 celeberrimuS,
924 4819 1109 4874 denuo
1148 4819 1489 4892 produxere,
1529 4833 1630 4872 nec

124 4897 457 4964 Franciscus
484 4907 877 4965 Mercurius
919 4906 1369 4964 Helmontius
1406 4905 1630 4979 ingenio

122 5004 187 5043 3¹10
206 4993 461 5068 indignum
490 4998 655 5054 duxit
683 4997 1055 5053 Octavium
1078 4995 1327 5051 Pisani
1356 4995 1631 5051 notiorem

71 5121 73 5126 ·
123 5078 205 5132 01ὺὶ
232 5085 461 5159 neddere,
507 5093 629 5142 tum
668 5086 973 5142 Jacobus
1024 5100 1240 5159 quoquc
1278 5084 1631 5140 Matenius

70 5129 79 5192 ³
124 5161 357 5230 Broweri
382 5174 737 5232 'trevirenses
767 5174 1009 5232 Annales
1037 5171 1234 5248 edidit,
1260 5176 1319 5230 et
1344 5173 1447 5229 sub
1478 5172 1631 5246 pre-10

3221 328 3306 394 57

1722 476 1870 529 sunt.
1959 472 2216 546 Inprimis
2264 490 2396 531 vero
2436 478 2582 549 apud
2624 480 2928 535 Germanos
2969 481 3176 537 Herm
3189 498 3301 539 an-

1722 578 1849 617 nus
1889 562 2340 636 conringiuS,
2385 564 2530 636 apud
2571 567 2760 622 Gallos
2799 570 3086 627 Gabriel
3125 570 3302 628 Nau·

1720 649 1962 723 (lacus,
2004 652 2172 707 ambo
2215 652 2366 707 varie
2403 653 2782 727 uberrimaque
2829 658 3007 734 docti,
3063 659 3300 718 aliorum

1720 741 1900 794 foetus
1929 755 2100 811 prope
2127 741 2410 813 expositos
2437 746 2496 795 et
2523 742 2764 797 desertos
2793 762 3101 820 suscepere:
3128 749 3225 805 Na
3240 766 3300 806 u-

1720 828 1930 883 daeus
1953 828 2187 901 Niphi,
2221 829 2551 902 Cardaui,
2585 832 3103 909 Campancllae3
3133 839 3297 895 Con-

1718 916 1996 997 ringitus
2025 916 2198 989 ipsius
2219 918 2526 974 Naudaei
2558 924 2614 974 ct
2634 920 2971 995 Seioppii,
2994 925 3296 983 Machia-

1718 1004 1924 1077 velli,
1983 1004 2312 1079 Hopperi,
2373 1008 2878 1082 Claramontii,
2938 1012 3296 1072 Starovol-

1717 1093 1878 1165 scii,
1923 1094 2327 1169 Cassandri,
2379 1096 2692 1171 Wicelii,
2735 1098 2980 1154 Viotti.
3069 1100 3171 1157 His
3209 1107 3296 1160 tot

1717 1182 1994 1254 tantisque
2029 1184 2231 1239 eon-eis
2279 1184 2612 1256 vituperium
2649 1192 2951 1260 notamque
3001 1188 3294 1267 incurrere,

1715 1270 1969 1342 equidem
1997 1286 2192 1343 parum
2209 1272 2627 1329 'formidandum
2647 1274 2854 1343 judico.

1802 1358 1875 1416 H.
1923 1360 2098 1432 Nunc,
2130 1360 2204 1415 ad
2231 1364 2480 1417 autorem
2507 1360 2706 1436 ipsum,
2739 1380 2902 1436 quem
2931 1366 3172 1440 edemuS,
3212 1384 3300 1425 ar-

1714 1452 2140 1520 gumentumque
2169 1450 2318 1521 quod
2345 1453 2563 1524 tractat,
2607 1453 2976 1510 accedendum
3017 1460 3114 1511 est.
3156 1456 3297 1513 Ma·

1712 1536 1888 1591 rium
1910 1536 2262 1592 Nizolium
2285 1537 2678 1596 Brixellensem
2705 1540 2857 1597 orbis
2885 1542 3128 1599 eruditus
3156 1561 3300 1616 pene

1714 1624 1931 1697 penitus
1957 1625 2121 1680 credo
2149 1625 2444 1699 ignoraret,
2477 1628 2588 1682 nisi
2616 1630 2986 1700 grammaticis
3016 1632 3298 1689 laboribus

1712 1712 2071 1785 inclaruisset,
2123 1714 2324 1785 quibus
2375 1715 2572 1771 merito
2622 1717 2760 1773 illud
2811 1718 3177 1791 Virgilianum
3227 1723 3299 1778 de

1712 1800 1912 1875 apibus
1950 1802 2301 1859 accomodes:
2349 1802 2416 1858 In
2455 1804 2605 1860 tenui
2646 1806 2834 1879 labor,
2879 1810 2938 1862 at
2967 1810 3146 1865 tenuis
3185 1826 3299 1867 non

1714 1890 1906 1963 gloria.
3335 1955 3354 1970 ,

1805 1980 1878 2033 Et
1905 1978 1988 2035 ita
2015 1994 2178 2052 saepe
2207 1981 2410 2036 sactum
2439 1984 2540 2052 est,
2573 1985 2638 2035 ut
2665 1980 2770 2037 viri
2793 1982 2940 2038 docti
2970 1983 3038 2039 iis
3059 1986 3302 2043 maxime

1716 2067 1932 2140 scriptis
1962 2070 2168 2123 samam
2207 2067 2517 2142 impetrent,
2557 2084 2592 2124 a
2621 2070 2819 2141 quibus
2861 2060 3092 2129 minime
3119 2092 3302 2147 speia-

1716 2158 1872 2213 bant.
1959 2156 2096 2221 Quis
2151 2156 2302 2212 enim
2361 2157 2576 2214 dubitet
2625 2158 2973 2215 Nizolium
3034 2161 3302 2231 maiorem

1717 2245 1824 2301 sibi
1844 2244 2219 2301 celebritatem
2238 2262 2274 2301 a
2294 2246 2675 2319 Philosophiae
2703 2248 3116 2306 Resonnatione
3135 2267 3303 2323 quam

1717 2334 1908 2391 animo
1927 2333 2406 2406 complectebatur,
2427 2350 2596 2407 quam
2615 2334 2743 2407 sslis,
2767 2340 2830 2391 ut
2849 2337 2930 2393 sic
2951 2338 3148 2413 dicam,
3163 2340 3304 2396 Gon-

1718 2422 2017 2479 eordantiis
2045 2421 2414 2478 Ciceronianis
2445 2423 2788 2498 pollicitum‘t
2830 2428 2888 2480 et
2917 2430 3102 2483 tamen
3128 2428 3304 2485 Index

1718 2510 2106 2568 Ciceronianus
2135 2511 2296 2567 durat
2323 2512 2721 2585 duraturusquc
2759 2516 2844 2569 cst
2882 2517 3142 2586 quamdiu
3186 2516 3306 2589 ipse

1718 2602 1984 2673 Cicer0,
2015 2598 2366 2672 Philosophia
2393 2600 2686 2657 Nizoliana
2704 2618 2878 2675 prope
2903 2602 2964 2657 in
2992 2604 3112 2678 ipso
3143 2610 3304 2678 partu

1718 2688 2136 2745 suffocationem
2165 2704 2326 2762 aegre
2353 2690 2561 2761 effugit.
2629 2690 2757 2745 Non
2786 2690 2980 2763 ignoro
3008 2692 3304 2762 Majora²

1720 2778 1819 2851 gii
1846 2782 1906 2833 et
1933 2776 2230 2851 Grifoli,
2273 2778 2556 2834 occasione
2597 2778 2712 2834 litis
2739 2794 2906 2851 quam
2937 2782 3304 2838 Cicero-nis

1718 2866 1917 2922 officiis
1977 2866 2446 2939 calcagninus
2506 2871 2775 2942 moverat,
2834 2868 3304 2944 indignationem-3

1718 2961 1841 3012 tum
1870 2955 2243 3011 chricum
2273 2957 2697 3028 Stephanum
2725 2959 2786 3013 in
2825 2957 3112 3014 Nizolio
3151 2961 3305 3016 dida·

1720 3044 1872 3101 scalo
1899 3043 2016 3100 sive
2051 3043 2326 3100 monitore
2365 3044 2848 3102 Ciceronianorum
2891 3047 3305 3104 Nizolianorum

1722 3133 1961 3206 (Eulogo,
2021 3136 2086 3188 ut
2141 3133 2434 3206 inscripsit,
2495 3133 2678 3188 minus
2735 3149 2971 3206 aequum
3021 3136 3306 3193 Nizolio

1722 3221 1907 3296 misse,
1949 3226 2008 3278 et
2034 3237 2070 3276 a
2099 3221 2313 3277 Criticis
2353 3238 2482 3277 eum
2508 3223 2716 3294 passim
2744 3225 2862 3278 alto
2891 3225 3192 3297 supercilio·
3213 3227 3305 3282 de·-

1722 3311 1890 3383 spici3
1953 3310 2050 3366 sed
2113 3309 2485 3366 Henricum
2545 3311 2966 3385 Stephanum
3017 3313 3306 3385 peculiaris

1723 3415 1890 3456 causa
1940 3398 2162 3472 impulit
2209 3399 2358 3471 quod
2408 3399 2651 3472 parentis
2704 3400 2788 3454 sui
2831 3400 2925 3456 Ro
2939 3402 3116 3458 berti
3156 3404 3306 3459 Ste-

1722 3505 1763 3561 p
1774 3488 1933 3544 hani
1961 3487 2238 3543 Thesauro
2267 3487 2473 3544 latinae
2502 3488 2720 3561 linguae
2750 3488 2984 3545 multum
3013 3489 3312 3547 Nizoliano·

1724 3593 1891 3650 opere
1917 3575 2168 3646 derogari
2190 3581 2464 3647 cerneret,
2493 3577 2691 3632 caeteri
2713 3577 2818 3632 viri
2840 3578 2966 3633 licet
2987 3579 3306 3652 doctissimi,

1724 3665 1819 3738 qui
1848 3665 2200 3720 Nizolium
2231 3664 2532 3736 fastidiunt,
2566 3665 2615 3719 si
2645 3666 2707 3719 in
2737 3665 3027 3722 Nizoliana
3059 3671 3307 3740 tempora

1722 3752 2057 3824 incidissent,
2087 3753 2251 3808 credo
2289 3753 2450 3808 aliter
2484 3752 2766 3808 sentirent.
2857 3754 3026 3810 Aliud
3064 3757 3306 3827 profecto

1717 3840 1988 3911 judicavit
2025 3841 2300 3896 Caelius
2343 3841 2694 3896 Secundus
2733 3841 2970 3914 Curio,
3015 3843 3102 3897 vir
3143 3845 3307 3916 longe

1723 3929 2238 4004 praestantissimus,
2277 3928 2374 4000 qui
2412 3930 2630 3985 conscio
2671 3940 2735 3984 ac
2777 3930 3148 3987 consentiente
3184 3931 3306 4006 ipso

1724 4019 1850 4074 Niz
1863 4018 2008 4074 olio
2036 4017 2235 4073 indicis
2255 4017 2594 4074 ciceroniani
2623 4018 3105 4091 locupletationem
3133 4033 3198 4076 ac
3225 4033 3308 4075 re-

1724 4107 2040 4164 censionem
2075 4107 2136 4162 in
2165 4123 2224 4162 se
2252 4106 2514 4179 suscepit,
2555 4107 2750 4163 eodem
2791 4107 3094 4165 incubuere·
3112 4107 3308 4164 Basi-

1724 4197 1864 4252 lius
1895 4195 2270 4267 Zanehius,
2311 4196 2682 4251 Marcellus
2723 4197 3305 4270 Squarci-alupus,

1726 4291 1783 4341 et
1810 4285 1946 4340 Jac.
1977 4283 2329 4340 cellarius
2361 4283 2730 4356 Augustanus,
2939 4329 2946 4338 .

1814 4374 1912 4429 111.
1958 4373 2050 4430 Ad
2099 4371 2500 4446 philosophicas
2551 4377 2735 4428 autem
2775 4366 3162 4430 meditationes
3208 4374 3308 4429 hac

1729 4463 1851 4535 ipsa
1880 4461 2132 4534 diligenti
2160 4461 2518 4516 Ciceronis
2549 4461 2783 4518 lectione
2822 4461 3037 4518 venisse
3076 4461 3306 4518 videtur.

1730 4551 1914 4616 Quum
1955 4549 2104 4606 enim·
2145 4549 2356 4605 videret
2383 4549 2802 4608 subtilissimum
2830 4563 3100 4623 quemque
3126 4551 3309 4608 Philo-

1728 4639 1954 4712 sophiae
1990 4639 2172 4692 locum
2216 4638 2286 4693 de
2324 4634 2463 4710 Diis,
2503 4639 2572 4693 de
2613 4641 2736 4695 sato·
2768 4642 2825 4694 et
2853 4639 3210 4712 divinatione,
3241 4640 3311 4696 de

1728 4742 1912 4783 rerum
1953 4725 2170 4799 finibus,
2224 4725 2294 4782 de
2343 4725 2648 4800 differendi,
2701 4726 3017 4783 inveniendi
3065 4745 3132 4784 ac
3161 4727 3310 4798 judi·

1730 4816 1892 4872 candi
1921 4819 2057 4887 arte,
2091 4816 2160 4871 de
2189 4815 2342 4870 omni
2371 4819 2526 4887 parte
2554 4815 2908 4888 Reipublicae
2936 4829 3002 4872 ae
3029 4815 3177 4872 vitae
3213 4801 3310 4873 hu-

1732 4921 1931 4960 manae
1957 4904 2160 4960 officiis
2189 4918 2224 4959 a
2253 4903 2586 4960 Cicerone
2624 4907 2874 4960 accurate
2911 4905 3092 4976 simul,
3133 4907 3190 4960 et
3231 4904 3310 4958 la·

1733 4995 1864 5066 tine,
1895 4996 1953 5048 et
1981 4993 2310 5064 luculenter,
2343 5007 2415 5048 ne
2447 4991 2628 5048 dicam
2669 4993 2943 5066 eleganter
2969 4997 3027 5048 et
3053 4989 3308 5062 ubertim,

1734 5086 2026 5140 tractatum
2057 5097 2203 5150 effe,
2234 5081 2558 5136 Nizolius
2587 5086 2775 5138 noster
2801 5083 2889 5137 vir
2917 5083 3102 5137 acutus
3130 5085 3187 5134 et
3213 5079 3315 5135 bo-

1734 5187 1854 5244 nus,
1899 5185 2012 5228 non
2054 5171 2235 5226 solum
2273 5169 2546 5242 despicere
2587 5169 2782 5226 merito
2821 5169 3002 5244 eoepit
3041 5167 3316 5226 infelicem
