3717 5850
1027 331 1093 386 V.
1148 331 1251 388 DE
1286 329 1495 388 STILO
1532 329 2060 390 PHILOEOPHIOO
2095 331 2384 390 Nizom.
3247 321 3334 390 67

123 471 362 542 physicam
396 469 813 528 Hermolaus
849 470 1225 546 Barbarae,
1272 473 1647 530 Cornelius

123 561 433 632 Valerius,
466 560 873 616 Franciscus
901 561 1454 634 Vicomercatus,
1496 563 1649 618 Hie-

120 665 232 704 ron.
258 648 759 722 FracastoriuS,
792 649 1068 706 Hieron.
1098 649 1485 723 CardanuS,
1514 651 1645 706 Jul.

121 739 329 792 Caesar
366 737 701 810 Scaliger,
746 737 977 811 Scipio
1016 739 1389 812 0811110188,
1419 740 1649 812 Τ1101-

120 831 393 898 mannus,
446 831 505 882 et
552 841 727 899 nuper
764 827 1499 900 6888011ᾱ118,,(1101101118
1540 829 1649 883 ele-

120 914 265 986 gantia
300 915 567 971 illustrare
601 919 913 987 coeperunt.
1014 916 1123 981 Qui
1161 920 1347 972 tamen
1386 911 1649 974 terminos

119 1003 165 1057 in
184 1003 363 1058 Scholis
400 1009 648 1076 receptos
686 1003 765 1059 sic
804 1004 879 1058 ad
904 999 1093 1060 'vivum
1133 1005 1193 1060 in
1220 1005 1448 1061 caeteris
1476 1005 1649 1077 philo-

120 1091 297 1162 sophiae
320 1091 567 1163 partibus
596 1092 903 1164 resecuerit,
945 1096 1009 1148 ut
1048 1093 1175 1156 fecit
1212 1093 1273 1148 in
1311 1093 1513 1166 logica
1550 1094 1651 1148 Ni-

120 1179 255 1234 zolius
286 1187 481 1254 noster,
526 1180 775 1236 nondum
816 1181 1076 1254 comperi„
1149 1181 1200 1236 N
1216 1183 1277 1238 iz
1290 1184 1357 1238 ol
1376 1183 1513 1237 ium
1552 1182 1652 1254 igi-

120 1272 207 1340 tur,
240 1284 337 1340 quo
384 1270 645 1326 imotenus
697 1269 801 1324 fuit
842 1269 1171 1342 ignoratior‚
1215 1271 1316 1326 hoc
1356 1271 1531 1342 magis
1570 1270 1652 1325 di-

120 1373 248 1426 gnum
279 1357 489 1431 putavi,
536 1358 633 1430 qui
672 1357 733 1412 in
772 1358 1087 1430 exemplum
1126 1359 1381 1415 dictionis
1410 1359 1653 1432 philoso-

120 1445 265 1517 phicae
288 1448 613 1505 reformatae
638 1451 989 1519 proponatur.

182 1535 367 1590 xxiv.
404 1535 603 1592 Altera
636 1535 894 1591 editionis
920 1535 1063 1590 ratio
1091 1534 1199 1591 tuit
1224 1539 1441 1608 tempus
1479 1535 1654 1590 Auto-

120 1621 189 1676 ris.
244 1624 470 1680 Accessit
498 1623 652 1679 enim
680 1622 751 1680 ad
792 1623 1063 1679 edendum
1090 1623 1179 1679 hic
1216 1639 1434 1698 quoque
1462 1624 1649 1679 stimu-

120 1709 197 1782 lus,
222 1713 351 1783 quod
378 1715 609 1786 apparet
637 1729 710 1767 ex
739 1711 1029 1768 Nizolio
1070 1729 1189 1768 esse
1224 1713 1491 1784 quasdam
1530 1728 1652 1768 sen-

120 1801 361 1856 tmfianun
394 1800 673 1874 periodos,
714 1806 787 1873 et,
819 1817 961 1872 quac
998 1804 1189 1857 nostro
1216 1805 1465 1874 tempore
1502 1800 1653 1855 velut

120 1903 230 1944 nova
252 1891 627 1963 producuntur,
652 1888 775 1956 jam
804 1889 939 1944 olim
978 1889 1212 1962 plurima
1240 1907 1275 1944 a
1304 1889 1477 1945 doctis
1517 1888 1653 1944 viris

120 1990 277 2049 magna
306 1995 425 2034 cum
450 1978 807 2034 contentione
846 1977 1051 2050 agitata
1091 1995 1223 2033 esse.
1310 1979 1397 2033 Ita
1438 1976 1653 2032 detexit

118 2065 455 2140 Telescopium,
486 2066 642 2122 viam
669 2067 901 2122 lacteam
940 2083 1057 2122 csse
1084 2066 1385 2122 oonseriem
1424 2065 1654 2121 insensi-

119 2151 273 2210 bilium
296 2156 591 2228 stellarum,
631 2155 779 2211 idem
816 2154 1023 2210 dudum
1059 2154 1365 2224 conjecerat
1402 2155 1652 2210 Demo-

116 2241 306 2299 critus,
380 2244 646 2314 Ejusdem
695 2243 1081 2300 Democriti
1127 2243 1459 2299 Vaticinatio
1508 2245 1647 2316 erat,

117 2327 205 2385 Nili
226 2333 545 2390 incrementa
566 2349 687 2389 esse
712 2349 749 2388 a
775 2332 975 2405 pluviis
996 2332 1335 2404 Aethiopiae,
1361 2348 1503 2404 quae
1529 2348 1651 2387 sen-

118 2419 253 2478 tentia
288 2439 319 2477 a
352 2423 589 2480 coaevis·
606 2427 665 2478 et
698 2420 1021 2494 propinquis
1075 2419 1429 2494 scriptoribus
1466 2419 1645 2493 irrisa,

116 2523 227 2564 1111110
251 2509 769 2585 peregrinationibus
805 2526 937 2566 vera
965 2509 1297 2581 deprehensa
1334 2514 1447 2581 esti,
1489 2507 1649 2582 Epi·

117 2598 231 2653 euri
254 2604 305 2655 01
327 2598 639 2656 Lucretii
665 2597 876 2670 Atomi,
908 2613 1077 2669 quain
1110 2614 1312 2671 magna
1336 2614 1485 2653 nunc
1520 2613 1651 2652 eon·

118 2687 316 2743 tentione
354 2688 734 2746 refodiuntur‘!
803 2686 1170 2760 Hyppothaeis
1211 2687 1414 2744 terreni
1466 2689 1649 2742 motus

118 2772 497 2848 Pythagorae
528 2775 701 2832 fuisse
728 2775 943 2848 dicitur,
967 2779 1025 2832 et
1052 2776 1181 2831 illuc
1209 2775 1495 2832 inclinasse
1522 2775 1649 2830 Ar-

116 2861 431 2921 chimedem
480 2881 605 2920 non
640 2863 870 2922 obscura
906 2869 1035 2919 sunt
1072 2864 1301 2938 vestigia
1351 2865 1411 2919 in
1458 2863 1651 2939 libello

119 2950 171 3006 <le
192 2952 405 3011 Numero
430 2971 652 3013 arenae.
738 2954 973 3009 Illustris
1012 2954 1317 3025 Digbaei
1367 2954 1651 3027 pulverem

118 3044 521 3113 syinpatlieticum
552 3042 915 3099 Antonius
956 3042 1379 3113 Deusingius
1406 3047 1465 3099 et
1500 3040 1647 3097 Joh.

117 3124 297 3185 Fried.
326 3132 695 3189 Helvetius
721 3130 1057 3188 contendunt
1083 3134 1321 3187 veterem
1350 3148 1481 3187 esse.
1538 3130 1655 3187 Cir·

116 3218 395 3277 culationem
440 3220 729 3293 sanguinis
779 3236 879 3292 per
926 3223 1107 3277 totuin
1166 3236 1363 3293 corpus
1412 3236 1527 3276 non
1574 3220 1649 3275 ab

118 3302 385 3365 Harvaeo
410 3310 659 3383 primum
686 3308 1049 3381 observatam,
1090 3308 1184 3365 sed
1214 3309 1423 3365 dudum
1463 3308 1650 3382 depre-

117 3392 297 3451 hensam
316 3397 451 3471 legi'
436 3415 499 3454 in
524 3397 909 3470 manuscriptis
930 3396 1213 3466 cuiusdam
1234 3397 1491 3470 religiosi,
1510 3412 1651 3469 quae

118 3494 231 3537 nunc
252 3501 449 3559 qnoque
475 3486 731 3543 Venetiis
768 3490 1155 3557 monstrentur,
1197 3488 1365 3541 refert
1402 3486 1461 3540 in
1490 3486 1652 3541 abso-

115 3556 339 3631 latissimo
364 3576 779 3632 Institutionum
808 3574 1259 3630 Anatomicarum
1296 3591 1461 3646 opere
1486 3574 1652 3629 Tho-

116 3670 230 3715 mas
252 3662 660 3721 Bartolinus.
744 3664 940 3719 Habeo
964 3680 1039 3718 ex
1064 3662 1381 3718 narratione
1408 3660 1652 3717 doctissi-
1663 3729 1672 3737 .

118 3760 299 3805 morum
320 3752 577 3827 virorum,
608 3753 791 3826 ipsum
810 3752 968 3807 illum
988 3766 1249 3823 magnum
1268 3751 1653 3806 Cartesium

119 3850 215 3889 non
256 3840 581 3899 mediocriter
624 3843 911 3897 confusum
950 3840 1137 3911 fuisse,
1191 3854 1361 3911 quum
1411 3841 1553 3895 esset
1600 3838 1654 3894 ei

118 3930 430 3986 monstratmn
443 3971 461 4005 ,
502 3929 791 4003 complura
826 3929 945 3999 ejus
984 3927 1468 4001 philosophemata,
1513 3943 1655 4000 quae

118 4013 295 4071 noviter
318 4018 533 4077 inventa
560 4018 811 4093 putabat,
850 4019 909 4074 in
948 4018 1247 4072 Platone
1280 4022 1338 4073 et
1374 4015 1655 4072 Aristo-

120 4100 253 4176 1010,
290 4122 513 4178 quorum
558 4112 755 4170 tamen
780 4106 875 4163 ille
912 4110 1251 4163 contemtum
1290 4106 1649 4179 praeferebat,

120 4190 211 4245 tum
234 4192 289 4247 in
310 4198 668 4271 naturalibus,
709 4201 829 4251 tum
866 4195 928 4251 in
952 4194 1207 4251 civilibus
1244 4195 1389 4250 clare
1430 4193 1651 4265 tradita,

116 4280 367 4355 mutinen-i,
394 4286 731 4342 Keckerm
746 4300 962 4340 annus
990 4284 1233 4340 ostendit
1260 4300 1333 4339 ex
1360 4282 1652 4339 collatione

118 4368 365 4427 verborum
409 4374 779 4447 parallelismo
828 4372 1069 4445 quodam
1118 4372 1225 4428 sibi
1276 4372 1653 4445 oppositorum

117 4453 331 4531 nmque
354 4462 543 4518 Petri
570 4462 767 4519 nami
795 4462 1053 4534 ‹lognmta
1082 4462 1289 4518 dudum
1318 4460 1515 4516 vidisse
1535 4460 1652 4515 Lu-

117 4540 387 4605 dovicum
422 4550 677 4607 Vivem,
765 4550 931 4606 Addo
970 4567 1090 4624 ego,
1120 4566 1263 4622 quae
1290 4566 1435 4605 nunc
1460 4552 1652 4605 nostro

118 4632 323 4706 ttmpore
348 4640 755 4712 ascriptoribus
776 4639 1065 4713 praeclaris
1082 4637 1471 4711 Hobbesio,
1502 4637 1653 4693 Car-

119 4720 287 4795 tesio,
316 4726 599 4801 snagin,
628 4727 1077 4800 Claubergio,
1102 4728 1311 4799 Rae0,
1342 4725 1654 4781 Antonio

120 4804 341 4869 111-110Ιά
354 4831 389 4870 ο
414 4816 711 4891 Theologo,
744 4833 907 4890 quem
935 4816 1177 4872 Gallicae
1197 4814 1449 4915 logicae,
1480 4812 1655 4871 libelli

117 4908 221 4953 saue
242 4900 619 4975 elegantissimi
648 4908 897 4963 autorem
924 4907 1123 4979 fciunt,
1148 4903 1409 4960 acerrime
1434 4908 1657 4976 urgetur

118 4983 433 5048 ¹Hunnorum
490 4994 855 5051 tedinicorum
914 4993 989 5049 ad
1038 4993 1327 5067 populares
1390 4992 1655 5065 reducti0,

117 5085 215 5128 fflm
240 5074 355 5145 jain
390 5085 511 5137 tum
544 5082 831 5140 Nizolio
868 5086 1061 5140 nostro
1096 5082 1159 5138 in
1198 5082 1347 5137 votis
1382 5099 1449 5138 ac
1488 5096 1657 5153 scopo

1752 473 1847 546 qui
1877 473 2221 532 Aristoteleis
2257 470 2536 528 subversis
2575 471 2716 527 alios
2754 471 3022 528 terminos
3061 471 3338 530 teclmicos

1748 563 2050 638 substituit,
2093 560 2583 636 multiplicavitque
2618 576 2734 616 non
2773 560 3076 634 scientiam,
3118 559 3214 618 sed
3257 561 3337 618 la-

1746 648 1955 708 borem.

1836 740 2027 796 XXV.
2082 738 2274 794 Restat
2311 753 2474 812 nunc,
2505 740 2569 791 ut
2595 753 2806 794 errorae
2843 753 3061 810 quoque
3103 741 3160 793 et
3197 737 3336 798 vitia

1748 826 2022 884 Nizolii
2048 827 2224 883 nostri
2252 843 2324 882 ne
2353 825 2772 882 dissimulemus,
2861 827 2932 882 Et
2959 841 3032 882 ex
3061 825 3214 882 vitiis
3241 841 3336 899 po-

1750 916 2026 972 tissimum
2051 914 2186 971 mihi
2215 914 2674 988 vituperationem
2703 913 2900 971 mereri
2927 912 3142 970 videtur
3169 915 3336 972 male·

1752 1004 2018 1078 dicentia,
2075 1019 2184 1076 qua
2219 1003 2282 1058 in
2319 1002 2814 1076 Aristotelem,
2869 1003 2930 1058 in
2972 1002 3336 1060 Platonem

1752 1093 1952 1167 ipsum,
1983 1093 2044 1148 in
2073 1092 2434 1164 Galerium,
2464 1092 2527 1147 in
2554 1091 2978 1147 Aristotelis
3015 1090 3338 1164 interpretes

1753 1179 2476 1259 GraecosminScholasticos
2503 1179 2622 1236 sine
2650 1179 2962 1236 discrimine
2991 1178 3152 1246 (nam
3173 1178 3338 1238 Tho-

1753 1286 1928 1326 mam
1971 1268 2420 1342 Aquinatem,
2474 1283 2646 1340 quum
2685 1267 3006 1324 mollissime
3044 1271 3338 1324 tractatum

1752 1359 1932 1433 081111,
1987 1358 2229 1431 appellat
2281 1357 2632 1413 monoculum
2682 1356 2828 1414 inter
2889 1371 3076 1412 caecos
3123 1356 3221 1412 lib.
3279 1353 3336 1418 44

1753 1463 1872 1522 cap.
1908 1447 1939 1501 7
1949 1446 1992 1517 .)
2023 1445 2313 1518 invehitur,
2345 1461 2455 1518 qua
2495 1445 2664 1502 etiam
2691 1445 3090 1501 mosontientae
3128 1443 3236 1500 sibi
3275 1443 3336 1500 in

1753 1535 2026 1610 plerisque
2051 1535 2346 1606 Vallem,
2378 1533 2648 1606 Vivem,
2679 1531 3112 1604 Rudolphum
3139 1533 3338 1604 Agri·

1752 1624 1976 1681 colam
2011 1623 2088 1679 ob
2116 1622 2390 1680 levissima
2417 1621 2686 1694 quaedam
2714 1620 3108 1676 sententiarum
3148 1620 3335 1678 discri-

1752 1713 1906 1768 mina
1933 1705 2248 1785 proscindit.
2338 1711 2630 1782 Optassem
2658 1709 2836 1766 deleta
2863 1727 2896 1764 e
2921 1709 3068 1764 libro
3099 1709 3234 1766 talia
3261 1725 3336 1766 ne

1751 1801 1980 1858 lectores
2005 1800 2096 1855 vel
2121 1815 2248 1854 cum
2274 1798 2514 1870 puritate
2539 1796 2796 1854 dictionis
2833 1797 2996 1855 simul
3033 1795 3336 1870 procacita-

1751 1894 1868 1946 tem
1893 1888 2183 1960 discerent,
2227 1887 2316 1942 vel
2355 1887 2550 1942 saltem
2589 1885 2650 1941 in
2688 1885 3050 1960 percurrendo
3091 1883 3334 1942 offende—
3425 1886 3430 1896 ¹

1750 1981 1958 2050 rentur,
1987 1992 2104 2034 non
2142 1991 2266 2032 sum
2303 1991 2468 2032 ausus
2491 1980 2676 2031 tamen
2705 1975 2766 2030 in
2786 1973 2968 2030 alieno
2995 1989 3162 2046 opere
3183 1973 3334 2046 quio-

1750 2083 1918 2142 quam
1949 2067 2254 2122 immutare.

1836 2155 2054 2211 XXVI.
2068 2149 3045 2222 EnoresinNizolioetmultisunt,
3059 2148 3362 2223 etmagni„

1746 2260 1982 2317 quorum
2008 2242 2190 2316 plures
2217 2241 2280 2296 in
2299 2239 2591 2298 breviculis
2615 2239 2765 2296 notis
2785 2254 2920 2311 quas
2939 2237 3226 2294 minutiori
3245 2241 3334 2307 ty-

1748 2349 1823 2406 po
1865 2333 2096 2388 insertas
2134 2326 2328 2402 adjeci,
2357 2332 2488 2384 sunt
2521 2327 2677 2399 tacti,
2717 2327 3026 2399 aliquorum
3065 2341 3198 2382 vero
3235 2341 3336 2382 ex·

1748 2421 2050 2477 tantiorum
2077 2419 2246 2475 etiam
2273 2417 2363 2474 1110
2389 2416 2597 2472 11108110
2629 2415 2874 2472 Facienda
2903 2419 3001 2472 est.
3054 2414 3332 2470 Nimirum

1747 2510 1843 2566 ille
1869 2507 2170 2582 palmarius
2197 2509 2298 2580 est,
2339 2505 2486 2578 quod
2515 2504 2967 2562 Scholastieorum
3010 2503 3146 2558 vitia
3173 2503 3332 2561 Ari·

1748 2602 1855 2654 sto
1869 2597 1998 2654 teli
2027 2597 2282 2670 imputat,
2314 2597 2370 2650 et
2398 2593 2754 2650 modestiores
2782 2610 2842 2650 se
2868 2591 3035 2664 viros,
3075 2591 3332 2648 3011811-

1748 2703 1902 2742 nem
1929 2686 2189 2757 Picum,
2220 2683 2718 2753 Leonicenum,
2757 2679 3334 2752 Rudolph..Agri-

1748 2776 1994 2848 colam,
2026 2774 2294 2846 Vivem,
2335 2771 2504 2828 etiam
2531 2769 2794 2828 conviciis
2829 2769 3062 2842 lacessit,
3101 2773 3158 2826 et
3195 2769 3332 2826 adu-

1748 2863 1973 2920 lationis
2031 2861 2339 2933 insimulat,
2389 2859 2538 2933 quod
2587 2859 2832 2916 eximere
2875 2856 3332 2914 Aristotelem

1747 2956 2043 3023 conentur,
2091 2967 2262 3024 quum
2299 2954 2486 3005 tamen
2525 2952 2715 3003 nostro
2763 2948 2944 3004 seculo
2981 2952 3110 3020 post
3147 2949 3232 3002 tot
3269 2946 3332 3003 iii

1751 3040 2212 3099 Aristotelem
2249 3038 2688 3095 ‹loctissimorum
2725 3038 2784 3090 et
2819 3034 3016 3107 prioris
3055 3033 3331 3091 barbariei

1750 3129 2242 3188 dissimillimorum
2279 3127 2640 3199 interpretum
2685 3138 2844 3180 curas
2883 3123 3024 3179 nihil
3061 3122 3136 3179 sit
3185 3138 3333 3179 com-

1750 3220 1980 3293 pertius,
2009 3234 2176 3291 quam
2205 3214 2678 3272 Aristotelem
2707 3211 2888 3269 omnis
2915 3210 3065 3267 illius
3091 3210 3334 3285 ineptiae

1750 3324 1950 3382 purum
1977 3296 2034 3363 et
2060 3307 2338 3363 insontem
2363 3320 2497 3377 esse,
2527 3316 2637 3375 qua
2673 3299 2982 3359 scholastici
3014 3300 3221 3374 passim
3247 3299 3333 3355 in-

1750 3398 2062 3470 quinantur.
2153 3396 2377 3451 Enores
2415 3391 2534 3462 ejus
2573 3391 2880 3464 quicunque
2907 3393 3054 3461 sunt,
3083 3389 3222 3445 tales
3251 3391 3334 3443 ta·

1750 3502 1880 3541 men
1919 3489 2064 3556 sunt,
2103 3488 2168 3541 ut
2205 3482 2366 3539 facile
2407 3482 2740 3537 internosces
2780 3479 2966 3553 lapsus
3001 3477 3107 3533 viri
3147 3474 3336 3550 magni

1751 3578 1809 3629 et
1834 3573 1897 3629 in
1923 3589 2108 3629 rerum
2132 3572 2253 3628 luce
2290 3570 2511 3641 versati,
2543 3586 2578 3625 a
2617 3566 2964 3640 vertiginosis
3003 3564 3334 3639 deceptioni-

1751 3662 1857 3719 bus
1887 3660 2128 3733 imperiti
2163 3658 2394 3728 alicuius
2431 3657 2751 3714 claustralis·
2836 3656 2960 3711 Hoc
2999 3655 3334 3711 demonstra·

1752 3755 1874 3807 tuin
1902 3749 2036 3805 satis
2064 3748 2262 3805 dedere
2289 3746 2529 3819 primum
2567 3744 2846 3816 superiore
2871 3743 3055 3799 seculo
3095 3742 3220 3799 Itali
3251 3742 3334 3797 in-

1753 3841 2043 3911 terpretoe:
2087 3834 2452 3907 Augustin.
2483 3832 2776 3904 NiphuS,
2816 3830 3132 3902 Angelus
3158 3830 3338 3885 Mer-

1752 3925 2104 3997 cenariuS,
2134 3921 2536 3980 Alexander
2575 3923 2633 3975 et
2659 3918 3074 3976 Franciscus
3103 3918 3338 3975 Piceo-

1755 4014 2116 4087 lominaei,
2146 4013 2399 4068 Caesar
2427 4007 2906 4081 CremoninuS,
2938 4006 3016 4061 M.
3047 4004 3338 4063 Antoni·

1752 4122 1879 4161 nus
1940 4102 2249 4173 Zimara,
2314 4100 2548 4155 Simon
2601 4095 2979 4164 8181011188,
3029 4094 3338 4153 Jacobus

1754 4192 2161 4264 Zabarella,
2223 4189 2456 4245 Franc.
2513 4186 3070 4257 vicomercatus,
3141 4188 3198 4240 et
3253 4187 3339 4240 tot

1751 4282 1872 4339 alii.
1945 4282 2067 4337 Hoc
2094 4296 2226 4335 vero
2251 4277 2434 4333 seculo
2464 4274 2722 4331 illustrati
2749 4272 3176 4330 Aristotelis
3204 4272 3338 4329 Ger-

1752 4370 1932 4426 manis
1960 4368 2204 4425 maxime
2229 4367 2350 4422 laus
2379 4366 2620 4422 debetur.
2710 4362 2857 4419 Nam
2894 4367 3108 4435 partem
3138 4362 3206 4417 de
3245 4359 3338 4417 de-

1754 4458 2180 4531 monstratione,
2221 4470 2362 4527 quae
2389 4454 2556 4526 vulgo
2575 4451 2985 4509 Aristotelis
3013 4448 3340 4506 adversariis

1754 4566 1857 4622 pro
1885 4549 2166 4604 menstruo
2205 4548 2306 4615 aet,
2346 4542 2538 4599 Corn.
2579 4538 2903 4613 Martini,
2945 4543 3002 4595 et
3039 4538 3338 4609 Jungius

1754 4642 1811 4694 et
1860 4636 1994 4691 Joh.
2035 4650 2072 4689 8
2109 4631 2369 4689 Felden
2417 4644 2536 4687 non
2581 4628 2929 4687 mediocriter
2976 4627 3336 4697 illustrarunt,

1754 4739 2071 4798 quanquam
2097 4722 2250 4779 enim
2277 4718 2570 4777 Feldeni
2607 4718 2670 4773 in
2695 4716 2918 4789 Topicis
2953 4718 3010 4771 et
3047 4712 3338 4785 analyticis

1754 4810 2170 4869 Aristotelis
2208 4808 2282 4867 ad
2309 4825 2469 4865 usum
2507 4804 2896 4863 transferendis
2937 4803 3336 4861 eruditissimae

1754 4902 1976 4975 albique
2027 4896 2226 4975 lapidis
2273 4898 2480 4955 mlculo
2542 4895 2894 4968 dignissimae
2951 4892 3336 4949 meditationes
3383 4892 3396 4913 “

1756 4991 2004 5051 nondum
2029 4989 2146 5045 sint
2171 4986 2368 5061 editae,
2397 4998 2680 5059 speramus
2717 4987 2906 5041 tamen
2929 4978 3334 5053 quamprimum

1757 5097 1850 5137 cas
1890 5081 1964 5137 ab
2002 5079 2124 5151 ipso
2165 5080 2357 5133 autore
2397 5074 2606 5131 editum
2646 5072 2743 5129 iri·
2728 5110 2746 5141 ‚
2793 5070 2866 5127 ad
2903 5066 3334 5142 Metaphysicam

119 5160 247 5221 ΠΜ
270 5168 447 5247 fuisse,
476 5170 641 5246 longe
674 5172 919 5248 meliore,
958 5188 1127 5247 quam
1164 5170 1365 5229 Rami
1401 5170 1651 5245 consilio,
1700 5156 1711 5249 Ι
1757 5165 2178 5226 Aristotelis
2229 5163 2402 5223 solide
2438 5156 2997 5235 comprehendendam
3033 5153 3333 5231 plurimum

2596 5244 2683 5304 9*
