3717 5850
582 582 1244 693 CAUSA
1365 588 1720 693 DEI
1841 586 2801 703 ASSERTA

928 832 1182 910 PER
1286 833 2035 911 JUSTITIAM
2140 838 2454 914 Esus

186 1038 351 1097 CUM
394 1039 752 1100 CAETERIS
793 1041 964 1102 Esus
1005 1042 1630 1105 PERFECTIONIBUS
1672 1044 2131 1115 CUNCTISQUE
2172 1048 2607 1109 AcnoNlssus
2649 1046 3173 1119 coNclLlATAM.

131 1426 185 1482 l.
241 1426 728 1499 Apologetica
775 1426 1042 1485 Causae
1093 1427 1222 1485 Dei
1272 1398 1680 1485 Tractatio·

45 1530 152 1571 non
201 1518 428 1570 tantum
477 1515 548 1571 ael
598 1514 848 1571 divinam
901 1514 1163 1590 gloriam,
1215 1514 1312 1572 sed
1351 1516 1520 1571 etiam
1569 1516 1643 1573 ad

45 1606 286 1659 nostiam
315 1602 622 1662 utilitatem
647 1602 914 1675 pertinet,
955 1606 1021 1658 ut
1057 1608 1174 1658 tum
1205 1604 1643 1674 magnitudinem

46 1689 174 1761 ejuS,
205 1689 262 1745 id
293 1694 386 1745 est
411 1690 718 1762 potentiam
744 1689 1174 1763 sapientiamque
1201 1691 1476 1769 colamus,
1520 1695 1642 1747 tum

45 1777 208 1833 etiam
256 1777 603 1849 bonitatem,
655 1783 714 1833 et
739 1792 878 1849 quae
906 1792 981 1831 ex
1022 1792 1088 1832 ea
1116 1776 1449 1849 derivantur,
1475 1776 1642 1846 justi-

46 1866 171 1920 tiam
199 1881 266 1921 ac
293 1862 650 1927 sanctitatem
677 1880 924 1921 amemus
937 1903 956 1937 ,
989 1868 1363 1937 quantumque
1391 1864 1452 1919 in
1479 1864 1643 1921 nobis

49 1958 124 2009 est
143 1952 450 2009 imitemur.
497 1952 678 2021 Hujus
703 1951 1068 2009 Tractationis
1095 1952 1238 2009 duae
1267 1956 1397 2007 sunt
1423 1956 1638 2025 partes:

45 2039 187 2113 prior
209 2039 635 2111 praeparatoria
657 2039 849 2111 magis,
881 2038 1058 2094 altera
1085 2039 1402 2111 principalis
1430 2040 1640 2095 censeri

47 2132 246 2199 potcst3
301 2126 466 2199 prior
504 2130 715 2199 spectat
751 2126 1011 2181 Divinam
1048 2118 1638 2201 Magnifiudinem,

45 2214 583 2285 Bonitatemque
642 2212 1064 2286 separatim3
1131 2214 1405 2285 posterior
1473 2214 1640 2287 perti-

45 2302 226 2357 nentia
261 2301 344 2356 ad
383 2304 672 2373 utramque
693 2299 964 2372 junctim,
1004 2301 1066 2355 in
1094 2300 1297 2372 quibus
1326 2305 1458 2357 sunt
1485 2302 1642 2358 Pro-

47 2389 371 2445 videntia
420 2390 563 2445 circa
615 2404 808 2446 omnes
849 2394 1154 2461 creaturas,
1211 2393 1270 2445 et
1311 2388 1639 2461 Regimen

48 2477 184 2533 circa
219 2476 590 2547 intelligentes
603 2516 620 2549 ,
671 2476 998 2549 praesertim
1040 2476 1100 2531 in
1141 2475 1366 2546 negotio
1419 2476 1642 2550 pietatis

47 2568 98 2619 et
124 2564 340 2621 salutis-

139 2651 200 2706 2.
230 2650 638 2721 Magnitudinis
663 2651 898 2707 Divinae
937 2650 1122 2723 potius
1159 2666 1326 2723 quam
1369 2650 1642 2708 Bonitatis

45 2739 316 2795 rationem
355 2738 595 2795 habuere
630 2737 897 2808 Theologi
935 2737 1259 2808 rigidiores3
1299 2742 1360 2794 at
1399 2739 1642 2795 laxiores

43 2832 258 2883 contra:
314 2831 546 2896 utraque
586 2824 850 2897 perfectio
877 2839 1050 2895 aeque
1078 2840 1242 2879 curae
1269 2829 1352 2879 est
1381 2841 1508 2881 vere
1537 2826 1640 2881 Or-

43 2912 326 2970 thodoxis..
417 2912 588 2968 Error
615 2910 1058 2982 Magnitudinem
1085 2910 1190 2965 Dei
1227 2910 1639 2980 infr-ingentium

39 2997 925 3071 Anthropomorphismus,
977 2997 1292 3054 Bonitatem
1331 2999 1642 3055 tollentium

39 3081 548 3159 Despotismus
575 3083 844 3158 appellari
873 3088 1073 3156 posset.

129 3176 188 3230 3.
233 3171 667 3245 Magnitudo
696 3171 824 3227 Dei
860 3171 1104 3228 studiose
1144 3169 1350 3228 tuenda
1391 3175 1476 3228 est
1512 3188 1642 3229 con·

45 3267 126 3318 tra
182 3259 510 3318 Socinianos
559 3259 864 3332 imprimis,
923 3263 980 3315 et
1028 3260 1298 3332 quosdam
1354 3260 1642 3317 Semisoci-

47 3351 275 3422 nianoS,
347 3347 410 3404 in
479 3347 684 3420 quibus
743 3347 1104 3404 conradus
1166 3349 1494 3406 vorstius
1552 3349 1642 3404 hic

47 3437 287 3493 maxime
347 3435 608 3507 peccavit.
726 3435 998 3492 Revocari
1067 3437 1254 3498 autem
1304 3436 1404 3492 illa
1461 3440 1644 3509 potest

59 3526 126 3582 ad
174 3525 286 3581 duo
338 3524 524 3597 capita
560 3539 778 3580 summa
789 3563 809 3598 ,
863 3523 1330 3597 omnipotentiam
1367 3527 1427 3580 et
1465 3523 1644 3581 omni·

53 3613 348 3668 seientiam.

137 3702 193 3755 4.
237 3697 778 3772 omnipotentia
825 3697 1210 3771 complectitur
1260 3704 1380 3753 tum
1417 3697 1522 3754 Dei
1561 3698 1644 3755 in-

55 3785 468 3860 dependentiam
495 3787 570 3845 ab
598 3786 753 3861 aliis,
794 3791 915 3842 tum
942 3787 1195 3843 omnium
1223 3785 1646 3858 dependentium

58 3875 124 3930 ab
151 3877 286 3948 ipso.
1312 3915 1321 3920 -

138 3965 194 4016 5.
243 3959 822 4034 Independentia
860 3960 988 4016 Dei
1040 3961 1100 4016 in
1129 3960 1420 4017 existendo
1447 3962 1639 4034 elucet,

58 4049 106 4102 et
140 4048 196 4104 in
233 4049 464 4120 agendo.
550 4049 624 4105 Et
661 4049 884 4120 quidem
925 4049 996 4104 in
1038 4049 1456 4122 existendo,
1507 4049 1638 4105 dum

59 4139 132 4190 est
159 4137 498 4194 necessarius
525 4140 582 4193 et
608 4140 892 4211 aeternus,
924 4139 1008 4208 et,
1038 4140 1102 4192 ut
1131 4137 1296 4206 vulgo
1325 4136 1640 4212 loquuntur,

59 4237 146 4278 cns
212 4240 248 4280 a
276 4241 362 4282 se:
454 4224 618 4281 Unde
672 4225 842 4280 etiam
888 4239 1230 4296 consequens
1276 4228 1362 4280 est
1408 4223 1642 4281 immen-

59 4325 168 4366 sum
195 4328 325 4369 esse.
1465 4337 1482 4356 .

137 4402 190 4455 6.
239 4400 318 4456 In
367 4397 634 4470 agendo
686 4397 1056 4472 independens
1093 4401 1180 4454 est
1219 4398 1544 4456 naturaliter
1581 4404 1640 4455 et

62 4487 336 4544 moraliter.
429 4486 766 4542 Naturaliter
815 4486 1034 4558 quidem
1049 4525 1067 4560 ,
1107 4485 1242 4542 dum
1289 4490 1374 4543 est
1423 4487 1642 4546 liberri-

65 4583 190 4645 muS,
222 4591 338 4648 nec,
377 4575 484 4630 nisi
512 4591 548 4630 a
569 4591 630 4630 se
655 4573 800 4647 ipso,
827 4573 899 4628 ad
919 4573 1190 4644 agendum
1213 4574 1608 4631 determinatur
1622 4587 1640 4646 5

66 4662 328 4720 moraliter
356 4677 508 4736 vero,
539 4661 674 4720 dum
709 4665 794 4718 est
823 4643 1326 4736 ‹flvmen-imos,
1357 4679 1454 4719 seu
1481 4679 1642 4736 supe·

67 4745 251 4804 riorem
279 4767 398 4806 non
425 4749 608 4806 habet.

1726 1427 1991 1503 existunt,
2023 1428 2329 1487 realitatem
2360 1432 2525 1491 habet
2564 1433 2854 1493 lundatam
2890 1434 2953 1493 in
2980 1436 3175 1498 divina
3200 1443 3323 1499 exi·

1724 1516 1957 1572 stentia:
1988 1516 2097 1571 nisi
2118 1518 2267 1573 enim
2282 1520 2433 1576 Deus
2462 1522 2739 1596 existeret,
2780 1523 2919 1579 nihil
2947 1527 3211 1597 possibile
3236 1531 3323 1589 fo·

1723 1606 1841 1676 ret3
1872 1608 1927 1660 et
1954 1603 2243 1676 powbilia
2269 1608 2345 1664 ab
2372 1612 2599 1665 aeterno
2628 1615 2757 1667 sunt
2784 1610 2847 1667 in
2873 1611 3013 1669 ideis
3040 1613 3217 1673 divini
3236 1617 3322 1675 in·

1725 1691 1991 1747 tellectus.

1815 1778 1874 1839 9.
1927 1778 2257 1835 Actualia
2308 1778 2614 1853 dependent
2666 1798 2701 1838 a
2742 1783 2861 1839 Deo
2912 1788 3031 1843 tum
3081 1788 3141 1845 in
3199 1791 3321 1847 exi-

1725 1864 1947 1936 stendo,
2000 1868 2122 1920 tum
2158 1865 2219 1921 in
2260 1867 2507 1939 agendo,
2548 1884 2647 1925 nec
2674 1874 2890 1927 tantum
2928 1873 3001 1929 ab
3038 1874 3323 1937 intellectu

1723 1950 1877 2024 ejus,
1908 1952 2007 2008 sed
2033 1953 2204 2007 etiam
2241 1970 2279 2009 a
2308 1954 2605 2011 voluntate.
2656 2030 2667 2037 ι
2695 1956 2767 2013 Et
2814 1958 3033 2028 quidem
3074 1962 3133 2017 in
3182 1964 3323 2022 exi·

1723 2038 2005 2111 stende,
2036 2038 2169 2094 dum
2198 2056 2391 2096 omnes
2418 2058 2507 2097 res
2535 2042 2701 2098 aDeo
2730 2042 2901 2099 libere
2928 2050 3056 2103 sunt
3081 2054 3319 2126 mentae,

1721 2128 1891 2196 atque
1920 2127 2090 2181 etiam
2118 2142 2153 2181 a
2184 2126 2303 2183 Deo
2330 2132 2751 2203 conservantur-3
2778 2147 2957 2203 neque
2982 2136 3129 2192 male
3156 2137 3321 2195 docc—

1723 2217 1832 2284 tur,
1862 2214 2339 2273 conservationem
2364 2215 2615 2273 divinam
2634 2233 2753 2273 esse
2772 2218 3147 2279 continuatam
3168 2240 3319 2283 crea·

1723 2299 1954 2374 tionem,
1978 2306 2041 2357 ut
2068 2301 2252 2358 radius
2278 2302 2545 2359 continuo
2572 2320 2609 2360 a
2636 2305 2755 2361 sole
2779 2305 2967 2379 prodit
2980 2319 3000 2378 ς
3040 2310 3143 2367 etsi
3167 2328 3319 2371 crea·

1722 2391 1879 2443 turae
1907 2404 2082 2461 neque
2102 2405 2178 2446 ex
2205 2390 2313 2445 Dei
2342 2391 2597 2465 essentia,
2626 2407 2803 2465 neque
2826 2397 3165 2473 neoessafio,
3192 2414 3321 2473 pro·

1721 2478 1968 2531 manent.

1820 2563 1919 2619 10.
1970 2561 2049 2617 In
2098 2563 2365 2635 agendo
2420 2580 2509 2620 res
2548 2563 2859 2639 dependent
2906 2584 2945 2623 a
2982 2568 3133 2643 Deo,
3185 2570 3323 2633 dum

1723 2649 1879 2706 Deus
1916 2650 1989 2707 ad
2016 2666 2201 2706 rerum
2230 2652 2475 2707 actiones
2516 2654 2823 2725 concurrit3
2874 2659 3143 2727 quatenus
3172 2658 3323 2717 inest

1721 2737 2031 2795 actionibus
2059 2738 2269 2811 aliquid
2297 2734 2680 2813 perfeetionis,
2723 2756 2869 2813 quae
2908 2743 3097 2816 utique
3132 2761 3171 2804 a
3198 2747 3321 2805 Deo

1722 2839 1947 2880 manare
1976 2824 2155 2881 debet.

1808 2910 1923 2966 11.
1965 2912 2365 2968 Concursus
2403 2915 2591 2969 autem
2619 2914 2727 2970 Dei
2765 2906 2975 2986 (etiam
3004 2919 3321 2982 ordinarius

1724 3013 1822 3054 seu
1859 3013 1975 3054 non
2012 2993 2407 3075 miraculosus)
2458 3000 2627 3056 simul
2664 3005 2722 3056 et
2761 3001 3109 3063 immediatus
3138 3014 3223 3066 cst
3262 3017 3323 3069 et

1725 3084 1993 3157 specialis.
2082 3086 2154 3142 Et
2182 3085 2406 3156 quidem
2422 3085 2914 3162 immediatus,
2944 3094 3211 3163 quoniam
3237 3100 3321 3156 ef-

1728 3172 1905 3229 fectus
1932 3187 2046 3228 non
2075 3173 2203 3230 ideo
2231 3177 2447 3232 tantum
2475 3192 2511 3230 a
2532 3176 2653 3232 Deo
2682 3174 2969 3250 dependet,
2997 3181 3131 3252 quia
3157 3199 3323 3244 causa.

1725 3257 1846 3328 ejus
1882 3276 1919 3317 a
1946 3261 2070 3316 Deo
2112 3265 2237 3317 orta
2264 3267 2379 3336 est,
2418 3264 2515 3320 sed
2542 3262 2711 3320 ctiam
2739 3263 2870 3336 quia
2898 3265 3048 3324 Deus
3074 3285 3190 3326 non
3216 3273 3323 3330 mi-

1723 3363 1828 3404 nus
1837 3385 1854 3420 ,
1906 3363 2085 3422 neque
2123 3351 2415 3423 remotim,
2468 3352 2529 3408 in
2568 3351 2693 3424 ipso
2734 3353 2935 3410 effectu
2965 3357 3321 3429 producendo

1722 3436 2012 3510 concurrit,
2043 3452 2212 3510 quam
2242 3437 2302 3494 in
2329 3437 2677 3512 producenda
2704 3439 2879 3513 ipsius
2904 3457 3089 3500 causa.

1822 3523 1918 3580 12.
1970 3524 2322 3597 Specialis
2373 3543 2505 3584 vero
2541 3530 2625 3584 est
2660 3543 2984 3603 concursus,
3034 3532 3165 3604 quia
3204 3549 3321 3592 non

1725 3613 1941 3668 tantum
1968 3610 2042 3667 ad
2068 3612 2419 3670 existentiam
2446 3615 2529 3670 rei
2554 3618 2813 3686 actusque
2840 3616 3108 3692 dirigitur,
3136 3621 3235 3678 sed
3262 3627 3323 3680 et

1725 3695 1798 3754 ad
1847 3698 2123 3755 existendi
2172 3699 2401 3757 modum
2448 3707 2505 3758 et
2545 3702 2869 3776 qualitates,
2922 3710 3189 3774 quatenus
3216 3709 3321 3766 ali-

1726 3784 1859 3856 quid
1911 3786 2260 3859 pert'ectionis
2310 3789 2421 3844 illis
2462 3789 2631 3862 inest,
2686 3789 2835 3859 quod
2874 3806 3091 3866 semper
3130 3810 3169 3850 a
3194 3795 3319 3852 Deo

1723 3873 1978 3946 profluit,
2024 3878 2183 3946 patre
2208 3875 2477 3931 luminum
2491 3915 2509 3949 ,
2538 3875 2829 3946 omnisque
2856 3877 2991 3934 boni
3020 3879 3231 3939 datore.

1823 3961 1921 4017 13.
1954 3961 2229 4017 Hactenus
2270 3962 2341 4017 de
2380 3963 2631 4036 potentia
2658 3962 2797 4036 Dei,
2828 3979 2973 4020 nunc
2998 3966 3070 4023 de
3096 3969 3319 4041 sapien-

1725 4048 1806 4104 tia
1854 4046 2003 4121 ejus,
2054 4064 2195 4122 quae
2246 4049 2323 4106 ob
2372 4051 2797 4108 immensitatem
2826 4057 3057 4110 vocatur
3094 4055 3319 4114 Omni-

1725 4135 2045 4192 scientia.
2134 4137 2289 4193 Haec
2336 4154 2463 4195 cum
2516 4143 2573 4194 et
2622 4139 2747 4210 ipsa
2784 4138 2860 4194 sit
2896 4142 3317 4218 perfectissima,

1724 4217 1862 4297 (non
1892 4222 2075 4280 minus
2102 4239 2271 4297 quam
2298 4217 2747 4300 Omnipotentia)
2788 4229 3171 4301 complectitur
3198 4247 3321 4288 om-

1721 4326 1850 4368 nem
1876 4311 2061 4368 ideam
2088 4317 2147 4370 et
2174 4328 2396 4370 omnem
2422 4313 2743 4386 veritatem,
2770 4313 2829 4370 id
2854 4320 2957 4390 est,
2987 4317 3177 4376 omnia
3199 4323 3321 4376 tam

1719 4399 2071 4472 incomplexe
2083 4441 2100 4475 ‚
2141 4415 2309 4472 quam
2334 4402 2659 4475 complexa,
2688 4416 2829 4473 quae
2854 4402 3133 4471 objectum
3160 4406 3319 4465 intel·

1721 4487 1894 4543 lectus
1943 4504 2063 4544 esse
2104 4493 2361 4560 possunt:
2408 4495 2466 4545 et
2504 4494 2755 4546 versatur
2783 4489 2979 4548 itidem
3016 4495 3137 4550 tam
3172 4494 3321 4552 circa

1722 4575 2030 4648 possibilia,
2061 4587 2231 4648 quam
2256 4577 2401 4632 circa
2428 4576 2681 4633 actualia.

1822 4663 1919 4719 14.
1978 4663 2445 4721 Possibilium
2485 4668 2621 4737 est,
2673 4679 2814 4738 quae
2842 4669 3069 4722 vocatur
3096 4666 3319 4727 Scien-

1725 4750 1828 4807 tia
1870 4750 2223 4824 simplicis
2257 4750 2823 4826 intelligentiae,
2874 4767 3019 4826 quac
3062 4758 3319 4810 versam

147 4835 202 4892 7.
243 4836 734 4910 Dependentia
775 4849 1014 4892 rerum
1067 4851 1104 4891 a
1141 4835 1290 4892 Deo
1327 4837 1646 4894 extenditur
1725 4842 1842 4894 tam
1884 4838 1945 4894 in
1986 4839 2177 4912 rebus,
2230 4854 2395 4911 quam
2422 4840 2485 4896 in
2512 4856 2703 4896 earum
2738 4839 3229 4910 connexionibun-
3256 4843 3319 4896 et

71 4921 174 4976 lum
212 4924 280 4980 ad
316 4925 509 4982 omnia
546 4924 862 4996 possibilia,
915 4940 1012 4980 seu
1040 4938 1182 4996 quae
1211 4939 1328 4980 non
1355 4925 1646 4997 implicant
1725 4930 1991 4998 utraeque
2016 4931 2145 4982 sunt
2174 4930 2291 4982 tam
2331 4929 2691 5000 necessariae,
2720 4942 2889 4999 quam
2926 4926 3317 4998 contingentes.

71 5011 563 5084 contradictionem
605 5017 724 5070 tum
751 5011 924 5068 etiam
951 5011 1022 5068 ad
1053 5013 1242 5068 omnia
1267 5013 1523 5070 actualia.

153 5095 204 5152 8.
241 5098 364 5174 Ipsa
404 5115 590 5160 rerum
628 5099 1127 5176 possibilitas,
1169 5115 1296 5161 cum
1349 5105 1478 5160 actu
1523 5117 1642 5160 non
1677 5101 1686 5140 l

1819 5013 1918 5068 15.
1964 5013 2360 5073 Possibilia
2384 5013 2889 5084 contingentia
2926 5013 3159 5086 spectari
3188 5030 3319 5088 pus·

1724 5106 1855 5160 sunt
1895 5104 2015 5161 tum
2056 5105 2121 5162 ut
2154 5101 2429 5180 sejuncta,
2480 5106 2702 5243 tumstgt
2741 5100 3063 5160 coordinata
3088 5101 3147 5162 in
3175 5103 3325 5162 inte·
