3717 5850
1667 446 1915 539 LXI.

795 620 1444 697 OBSERVA'no
1509 596 1640 696 AD
1707 624 2445 700 RECENsloNEM
2518 629 2791 705 unm

307 789 532 911 DE
669 790 1100 913 FIDEI
1232 794 1439 914 ET
1571 794 2307 919 RATIONIS
2448 798 3263 926 CONSENSU

577 1008 631 1069 A
670 1010 968 1072 DOMINO
1019 1012 1452 1081 JAQUELOTO
1497 1014 1702 1075 Eum
1716 1058 1734 1095 ,
1781 1014 2037 1077 MENSE
2086 1016 2399 1078 oc'roBRl
2457 1020 2485 1076 1
2498 1020 2619 1079 704
2674 1017 2991 1081 FACTAM.

1713 1154 1815 1162 ——

1526 1246 2044 1339 1705.

383 1504 545 1563 (Aeta
577 1509 766 1555 Erudit·
799 1509 940 1567 laine-
974 1513 1095 1559 nec.
1135 1512 1291 1561 twa.
1325 1522 1375 1569 p.
1409 1512 1534 1561 55³.
1569 1535 1630 1565 τ-
1673 1514 1885 1561 Lelhn.
1920 1516 2048 1573 opp.
2082 1516 2183 1561 nd.
2220 1517 2469 1566 Duteus
2502 1519 2639 1565 'rom-
2660 1520 2725 1595 μ.
2762 1520 2820 1566 Ρ.
2860 1521 2904 1567 1.
2942 1532 2989 1578 p.
3028 1510 3177 1583 256.)

233 1773 376 1829 Cum
415 1773 548 1831 lucc
575 1774 842 1833 Recensio
865 1774 1172 1833 Clarissimi
1208 1775 1570 1849 Jaqueloti
1611 1794 1732 1834 sen·
1821 1778 2053 1853 »pei-tia.
2132 1778 2277 1844 Quid
2317 1794 2450 1849 ergo
2488 1779 2785 1841 virtutibus
2824 1786 2883 1839 et
2924 1782 3073 1847 vitiis
3118 1784 3245 1841 flet}
3308 1784 3403 1857 An

131 1862 378 1919 tentiam
425 1862 506 1919 de
554 1863 1014 1921 Leibnitiana
1063 1865 1483 1923 Harmoniae
1529 1882 1732 1941 prae·

125 1950 520 2009 stabilitae
555 1953 956 2026 Hypothesi
991 1954 1250 2028 attigerit,
1299 1970 1442 2028 quae
1481 1954 1732 2029 nuspiam

120 2039 320 2097 adbuc
355 2041 422 2097 in
455 2042 543 2098 his
583 2042 743 2099 Actis
778 2046 862 2099 est
898 2042 1170 2117 explicata
1183 2083 1202 2118 ,
1259 2060 1460 2117 operae
1491 2045 1728 2119 pretinm

121 2128 332 2186 visum
367 2135 470 2205 est,
509 2130 580 2187 ad
613 2131 900 2189 meliorem
939 2132 1056 2202 ejus
1095 2133 1424 2191 intellectum
1437 2174 1454 2207 ,
1507 2133 1728 2191 missam

123 2218 316 2275 nobis
337 2219 577 2293 ipsorum
603 2220 734 2276 Dni-
762 2220 1127 2295 Jaqueloti
1155 2222 1444 2299 verborum
1465 2238 1542 2279 ex
1557 2222 1728 2281 Libro

123 2308 418 2364 recensito
458 2314 832 2383 exceptorum
868 2308 1124 2368 latinam
1175 2312 1483 2368 versionem
1533 2311 1728 2383 adjun-

117 2411 302 2467 gere,
355 2400 418 2453 ut
449 2404 736 2473 appareat,
786 2400 910 2472 quis
949 2416 1238 2457 semensas
1287 2404 1386 2458 aut
1435 2400 1721 2459 dissensus.

127 2484 328 2549 »Quia
357 2484 624 2559 (inquit
651 2503 798 2561 pag.
833 2488 976 2545 381.
1012 2488 1190 2561 382.)
1219 2488 1436 2547 difficile
1464 2494 1548 2547 est
1576 2504 1725 2547 eom·

125 2573 527 2649 »prehendere
555 2576 833 2648 quomodo
860 2579 1112 2635 voluntas
1135 2582 1348 2635 motum
1375 2577 1590 2651 corpori
1618 2578 1722 2635 im-

129 2666 352 2738 ·pereg
395 2664 792 2721 Celeberrimus
819 2664 1222 2723 Leibnitius
1242 2668 1451 2740 Corpus
1479 2666 1720 2724 conside·

129 2756 262 2806 -rat
303 2758 566 2825 tanquam
605 2755 914 2811 machinam
955 2761 1166 2813 tensam
1203 2760 1260 2812 et
1287 2755 1608 2831 dispositam
1647 2755 1722 2813 ad

129 2840 492 2899 »efficiendos
511 2859 700 2900 omnes
721 2850 902 2901 motus
923 2860 1060 2917 quos
1080 2843 1349 2919 producit,
1381 2849 1438 2900 et
1459 2842 1720 2906 Animam

129 2936 440 3004 »tanquam
489 2933 848 2992 substantiam
896 2949 1086 2992 omnes
1135 2935 1507 2992 continentem
1569 2933 1720 2990 ideas

134 3036 292 3076 »sese
315 3021 617 3078 sueoessive
641 3024 968 3098 evolventes,
1002 3021 1172 3082 modo
1191 3023 1436 3082 motibus
1463 3021 1719 3080 omnibus

129 3111 422 3182 »corporis
450 3112 718 3169 conformi
746 3116 802 3168 et
837 3112 1308 3186 correspondente.
1378 3113 1568 3185 ltaque
1592 3129 1718 3170 cum

127 3199 469 3256 *brachium
507 3217 728 3260 movere
754 3201 904 3276 volo,
943 3202 1143 3277 evenit,
1183 3205 1246 3258 ut
1285 3201 1568 3260 brachium
1600 3217 1718 3260 mo-

132 3294 365 3345 -veatur
396 3289 594 3346 virtute
623 3291 903 3347 machinae
931 3289 1229 3365 dispositae
1256 3297 1418 3365 atque
1446 3290 1717 3349 tendentis

127 3376 240 3433 ³-ad
264 3378 549 3436 brachium
565 3380 624 3436 in
644 3381 746 3436 hoc
766 3378 993 3436 instanti
1013 3380 1361 3440 movendum.
1405 3381 1526 3437 Hoc
1547 3381 1714 3438 modo

125 3467 382 3523 »Anima
421 3473 480 3524 et
503 3469 716 3541 Corpus
753 3485 814 3524 se
854 3472 966 3526 fere
1003 3469 1283 3526 habebunt
1327 3473 1388 3527 ut
1415 3469 1524 3526 duo
1551 3470 1713 3527 horo·

125 3555 320 3626 »logia
349 3556 606 3632 pendula,
648 3573 786 3630 quae
811 3561 996 3614 motus
1025 3576 1154 3616 suos
1182 3557 1386 3632 pariter
1407 3555 1714 3632 iisdemque

123 3647 470 3702 »momentis
514 3650 786 3702 exercent.
853 3647 960 3712 Qui
999 3663 1190 3704 causas
1229 3646 1593 3702 occasionales
1620 3647 1712 3704 de-

121 3757 150 3779 ·
163 3735 418 3806 rendunt,
459 3735 653 3791 volunt
693 3735 768 3792 ob
811 3735 1067 3792 unionem
1105 3735 1324 3792 animae
1352 3737 1411 3790 et
1446 3737 1708 3810 corporis,

121 3824 348 3880 »Deum
377 3823 450 3880 ad
477 3829 752 3882 certorum
782 3829 1030 3882 motuum
1053 3823 1414 3899 praesentiam
1443 3823 1502 3881 in
1521 3825 1710 3882 anima

129 3935 158 3955 υ
171 3913 414 3968 formare
452 3918 628 3970 certas
656 3913 824 3987 ideas,
863 3917 920 3970 et
947 3914 1016 3971 ad
1047 3913 1407 3988 praesentiam
1437 3918 1707 3970 certomm

127 4005 392 4058 »actuum
420 4003 734 4076 voluntatis,
775 4001 950 4060 Deum
991 4003 1288 4076 producere
1325 4005 1500 4058 certos
1529 4007 1710 4059 motus

119 4090 226 4145 »in
255 4107 504 4165 corpore.
593 4091 754 4158 Quod
795 4091 899 4147 Dnss
931 4091 1323 4148 Leibnitius
1352 4107 1465 4147 non
1491 4091 1708 4164 probat,

115 4179 294 4252 »qnia
331 4180 442 4238 ista
479 4181 790 4254 hypothesis
829 4185 1087 4254 perpetua
1126 4181 1388 4255 supponit
1427 4179 1709 4236 miracula.

113 4269 420 4339 »systema
448 4273 722 4344 receptum
749 4269 993 4327 medium
1032 4271 1178 4327 inter
1207 4271 1306 4328 has
1332 4270 1470 4327 duas
1496 4273 1710 4326 senten·

113 4359 268 4414 ²·tias
299 4363 470 4434 tenet,
510 4375 648 4433 quae
677 4375 900 4434 magnas
927 4359 1268 4418 difficultates
1295 4360 1412 4434 pati
1439 4359 1708 4416 videntur.

117 4447 358 4504 »Videri
395 4449 567 4521 pomt
605 4448 789 4522 prima.
823 4447 1028 4522 specie,
1081 4449 1138 4505 in
1189 4449 1374 4523 priore
1409 4453 1708 4520 systemate

117 4537 478 4595 -libertatem
507 4553 622 4593 non
649 4537 760 4596 nisi
779 4536 1056 4610 qmndam
1081 4536 1394 4604 illusionem
1419 4553 1554 4612 eme,
1581 4553 1706 4594 cum

121 4627 354 4682 »anima
396 4633 454 4683 et
480 4642 678 4700 corpus
717 4644 816 4700 per
852 4641 1072 4683 causam
1113 4627 1386 4684 efficacem
1413 4632 1470 4684 et
1495 4631 1706 4684 antece-

125 4713 390 4772 »dentem
439 4715 512 4771 ad
559 4731 752 4772 omnes
789 4731 914 4772 suas
949 4715 1310 4788 cogitationes
1358 4721 1416 4772 et
1467 4717 1706 4772 actiones

129 4801 555 4878 ²«imponantur,
609 4810 930 4877 tanmmque
968 4819 1158 4862 revera
1194 4805 1505 4882 evolvatur,
1558 4805 1706 4878 quod

129 4899 285 4952 »erat
311 4898 514 4952 tectum
537 4898 598 4949 et
621 4894 946 4951 involutum.
1001 4894 1316 4964 Systema
1346 4910 1706 4952 causarum

133 4980 718 5040 »occasion'alium
755 4982 1060 5055 majoribus
1099 4984 1273 5041 adhue
1298 4982 1708 5042 difficultatibus

133 5074 402 5131 »laborat
467 5072 612 5129 Nam
651 5072 712 5130 in
747 5089 815 5129 eo
844 5074 993 5129 Dens
1029 5073 1148 5148 agit
1183 5073 1386 5140 omnia,
1427 5075 1705 5140 creaturae

133 5161 280 5222 ‚non
311 5159 418 5220 nisi
457 5161 686 5221 umbrae
711 5166 840 5220 sunt
867 5177 1060 5238 vanae,
1092 5167 1152 5220 et
1177 5161 1328 5221 entia
1353 5163 1582 5234 actionis
1607 5179 1704 5220 ex-

1821 1868 2006 1941 ·credi
2044 1871 2292 1941 oportet,
2336 1867 2513 1933 Deum
2539 1868 2613 1925 ad
2648 1874 2927 1941 aspectum
2964 1872 3309 1943 Batsebae
3342 1873 3401 1945 in

1819 1957 2049 2013 waima
2084 1954 2375 2011 Davidis
2414 1956 2596 2013 ideam
2626 1958 3091 2031 concupiscentiae
3115 1960 3417 2035 excusse,-

1819 2051 1917 2103 ‚et
1986 2046 2047 2103 in
2114 2044 2329 2101 animas
2384 2044 2803 2103 Pharisaeorum
2856 2046 3191 2119 impressisse
3249 2048 3399 2117 ideas

1819 2134 2225 2211 »blasphemiae
2275 2138 2463 2197 eontra
2504 2134 2783 2209 Spiritum,
2836 2150 2963 2193 eum
2992 2135 3285 2193 daemones
3315 2137 3397 2205 yi-

1817 2223 2049 2282 -derent
2102 2240 2175 2283 ex
2242 2224 2565 2303 corporibus
2620 2224 3100 2305 daemoniacorum
3156 2224 3397 2295 effectos?

1817 2340 1842 2361 a·
1855 2314 2193 2386 Quocunque
2218 2312 2439 2388 effugio,
2480 2316 2576 2369 aut
2602 2329 2919 2387 quacunque
2946 2314 3247 2372 subtilitate
3276 2301 3394 2372 utass

1816 2418 1997 2477 .mur,
2020 2419 2107 2459 res
2126 2402 2229 2457 hue
2240 2418 2453 2476 semper
2474 2400 2629 2458 redit.
2676 2400 2919 2475 Exponit
2940 2402 3135 2460 deinde
3144 2402 3392 2473 Clarissi-

1816 2506 1975 2548 -mus
1984 2491 2166 2548 Autor
2174 2490 2432 2565 rationes,
2456 2506 2553 2547 cur
2574 2494 2812 2561 systema
2822 2496 3119 2565 receptum,
3144 2507 3257 2564 quo
3270 2492 3391 2549 aiii·

1814 2596 1945 2637 »ma
1963 2580 2023 2636 in
2034 2595 2230 2654 corpus
2240 2582 2298 2635 et
2315 2596 2511 2652 eorpus
2532 2578 2591 2634 in
2613 2579 2856 2636 animam
2876 2579 3143 2637 influxum
3154 2586 3387 2659 exercet,

1813 2666 1957 2743 »ipsi
1978 2668 2153 2739 magis
2172 2668 2366 2742 placet.
2388 2668 2493 2725 Sed
2514 2666 2735 2725 tandem
2759 2668 2937 2741 pergit
2956 2686 3013 2743 p.
3051 2669 3196 2726 387.
3224 2686 3381 2743 sqq.-

1893 2757 1952 2814 Si
1978 2761 2167 2815 tamen
2196 2760 2438 2827 systema
2458 2756 2866 2814 Leibnitianum
2887 2758 3025 2815 bene
3046 2758 3386 2835 intelligitur,

1801 2845 2117 2921 reperietur,
2148 2846 2283 2903 ineo
2302 2862 2417 2902 non
2438 2845 2641 2902 destrui
2664 2846 3001 2919 libertatem3
3031 2848 3219 2904 anima
3238 2848 3388 2906 enim

1803 2935 2118 2993 facultatem
2128 2935 2295 2992 habet
2302 2933 2518 2992 decreta
2527 2951 2625 2992 sua
2637 2935 2927 3011 formandi,
2938 2952 3003 2993 ac
3014 2937 3227 2994 volendi
3239 2940 3387 3012 quod

1801 3025 1998 3099 placet.
2036 3023 2109 3082 Et
2117 3023 2263 3098 quod
2276 3025 2521 3082 actiones
2539 3024 2780 3096 eorporis
2793 3025 2864 3081 ab
2884 3024 3069 3081 anima
3086 3026 3385 3100 imperatas

1800 3115 2013 3188 attinet,
2027 3130 2139 3171 non
2161 3117 2341 3188 potest
2350 3114 2563 3170 officere
2573 3111 2813 3170 libertati
2827 3113 3114 3188 dispositio
3139 3116 3386 3189 corporis

1799 3202 1881 3260 ita
1896 3203 2063 3260 aDeo
2084 3203 2323 3277 formati,
2346 3207 2409 3260 ut
2430 3201 2746 3272 motusejus
2754 3203 2991 3276 praecino
3008 3203 3276 3262 voluntati
3284 3205 3385 3264 διε

1797 3296 2015 3349 animae
2062 3291 2455 3366 respondeant,
2508 3291 2657 3364 quod
2706 3291 2806 3347 tali
2844 3291 3099 3365 exemplo
3148 3293 3389 3366 intelligi·

1795 3386 1991 3456 potest
2038 3381 2331 3456 Ponamus,
2360 3379 2741 3437 Mecbanicum
2762 3380 3039 3453 egregium
3062 3381 3214 3456 scire,
3240 3399 3382 3456 quae

1797 3487 1901 3543 ego
1931 3470 2140 3528 famulo
2180 3487 2305 3527 meo
2348 3470 2447 3526 tali
2477 3470 2567 3526 die
2596 3469 2703 3524 sim
2730 3469 3112 3545 imperaturus,
3153 3488 3383 3545 eumque

1793 3575 1954 3632 posse
1982 3561 2220 3632 formare
2259 3563 2601 3616 automatum
2639 3571 2739 3632 par
2765 3560 3099 3632 exequendis
3128 3561 3382 3618 omuibus

1795 3647 2039 3705 motibus
2077 3665 2113 3703 a
2152 3663 2242 3702 me
2279 3665 2345 3703 ea
2387 3648 2478 3704 die
2504 3647 2863 3722 imperandis:
2908 3650 3129 3704 Certum
3156 3655 3256 3722 est,
3289 3665 3379 3706 me

1795 3741 1925 3793 tunc
1950 3739 2233 3793 automato
2280 3735 2362 3791 illi
2392 3739 2647 3808 tanquam
2686 3735 2895 3792 famulo
2926 3752 3050 3792 meo
3087 3739 3381 3809 imperatu-

1791 3843 1917 3884 rum
1942 3842 2027 3898 ea,
2057 3838 2165 3896 qua
2192 3825 2361 3894 fruor,
2406 3823 2677 3896 libertate,
2706 3839 2883 3896 neque
2912 3824 3065 3880 illam
3094 3815 3263 3898 ipsius
3284 3843 3379 3884 au-

1789 3904 1995 3971 tomati'
2012 3917 2365 3987 spontaneam
2392 3912 2463 3968 ad
2484 3928 2611 3967 suos
2641 3915 2821 3967 motus
2849 3912 3379 3991 determinationem,

1789 4002 2083 4076 quicquam
2109 3999 2352 4058 libertati
2383 4017 2537 4057 meae
2566 3999 3077 4073 praejudic-uturum.
3167 4003 3379 4062 Eodem

1791 4109 1850 4148 se
1879 4089 2046 4147 modo
2085 4108 2173 4148 res
2211 4091 2373 4146 habet
2416 4089 2473 4146 in
2516 4105 2741 4162 corpore
2780 4088 3020 4146 humano
3033 4130 3049 4162 ,
3080 4085 3377 4152 secundum

1793 4184 2034 4252 systema
2078 4178 2499 4251 Leibnitianum,
2548 4177 2697 4250 quod
2748 4177 2874 4236 ideo
2921 4181 3187 4252 appellari
3236 4184 3381 4241 solet

1793 4271 2109 4342 systema
2137 4267 2562 4326 Harmoniae
2590 4268 3157 4356 praestabilitate.
3231 4273 3379 4330 Deus

1794 4359 2057 4417 formavit
2104 4361 2295 4415 nostra
2343 4372 2571 4430 corpora
2622 4361 2883 4429 tanquam
2926 4359 3202 4419 machinas
3238 4377 3380 4435 quae

1793 4449 1999 4507 debent
2016 4447 2351 4522 respondere
2375 4445 2536 4504 eertis
2567 4445 2809 4505 motibus
2827 4452 3143 4506 nostrarum
3169 4452 3380 4509 anima·
3496 4471 3503 4478 ·

1793 4555 1939 4595 rum.
2014 4537 2151 4594 Tale
2184 4541 2525 4592 automatum
2563 4552 2680 4593 non
2722 4541 2809 4593 cst
2863 4538 3203 4612 impossibile
3238 4543 3379 4615 Deo,

1793 4627 1888 4701 qui
1926 4626 2085 4682 novit
2119 4641 2315 4683 omnes
2351 4624 2829 4682 determinationes
2868 4643 3023 4684 meae
3060 4629 3377 4705 voluntatis,

1793 4705 2081 4788 motusque
2119 4712 2402 4772 machinae
2450 4715 2535 4771 his
2574 4714 3119 4774 determinationibus
3168 4735 3375 4776 accom-

1793 4803 2059 4862 modavit.
2112 4805 2235 4862 Hoc
2260 4807 2502 4874 systema
2528 4811 2811 4862 exoratum
2839 4805 3373 4878 est-difficultatibus,-

1791 4910 1933 4968 quae
1969 4892 2029 4948 in
2058 4893 2183 4950 aliis
2224 4891 2587 4966 reperiuntur.
2674 4895 2803 4951 Non
2842 4893 3163 4968 intelligitur
3192 4896 3253 4950 in
3278 4911 3373 4963 sy-

1791 4987 2021 5039 stemate
2046 4986 2283 5057 reeept0‚
2324 4982 2601 5058 quomodo
2629 4981 2885 5038 voluntas
2922 4997 3082 5055 agere
3114 4983 3287 5054 possit
3310 4983 3373 5040 in

1789 5088 2006 5148 eorpuS,
2034 5075 2091 5128 ct
2120 5072 2180 5130 in
2199 5077 2495 5144 systemate
2514 5085 2795 5128 causarum
2818 5070 3235 5129 occasionalium
3252 5087 3372 5131 om-

1789 5161 1885 5220 nia
1914 5162 2051 5220 fiunt
2070 5163 2411 5235 miraculose,
2438 5163 2496 5218 et
2518 5161 2673 5217 Deus.
2682 5164 2867 5218 movet
2888 5158 3373 5248 lii-admanmfflm
