3717 5850
781 386 814 401 '
998 374 1234 433 LXXII.
1325 374 1673 433 EPls‘roLA
1718 376 1824 433 AD
1868 374 2335 435 wAGNERUM.

21 515 224 587 homo,
259 512 324 571 in
352 512 528 572 altera
553 514 668 571 vita
697 530 900 589 poenas
927 519 1023 573 aut
1059 517 1304 592 praemia
1329 518 1438 575 sibi
1467 516 1635 575 tribui

16 602 93 659 ob
139 604 306 661 hanc
343 604 544 678 vitam,
583 620 776 662 revera
814 605 964 662 nulla
1002 612 1143 663 esset
1180 624 1386 681 poena,
1425 606 1634 664 nullum

16 693 378 768 praemium,
415 697 472 750 et
509 694 734 768 perinde
761 694 934 769 roret,
971 695 1150 768 quoad
1191 710 1308 753 rem
1347 696 1632 770 moralem,

16 798 79 839 ae
109 782 166 837 si
200 797 314 841 me
337 782 582 840 extincto
609 783 748 840 alius
775 782 984 841 felicior
1011 790 1109 841 aut
1136 785 1406 841 infelicior
1433 802 1637 841 succes·

16 872 209 927 sisset.
287 873 478 945 Itaque
505 876 688 929 statuo
713 873 928 931 animas
955 873 1176 947 quidem
1205 875 1262 929 in
1291 873 1636 931 animalculis

16 960 406 1019 seminalibus
445 960 576 1019 inde
613 960 688 1018 ab
717 962 877 1018 initio
905 978 1090 1019 rerum
1118 964 1350 1019 latentes
1377 980 1493 1020 non
1520 979 1638 1019 osse

16 1050 348 1108 rationales
362 1090 381 1120 ‚
419 1049 594 1107 donec
633 1067 732 1124 per
766 1056 1090 1126 conceptum
1126 1052 1201 1109 ad
1239 1052 1412 1109 vitam
1451 1054 1642 1109 huma-

16 1152 154 1195 nam
199 1138 590 1197 destinentur:
633 1138 729 1197 ubi
767 1156 899 1197 vero
935 1142 1104 1197 semel
1141 1140 1436 1199 rationales
1465 1142 1640 1198 tactae

16 1232 174 1300 sunt,
211 1234 288 1285 et
311 1228 674 1286 conscientiae
701 1245 767 1285 ac
802 1229 1075 1287 societatis
1113 1246 1241 1286 cum
1267 1230 1386 1287 Deo
1413 1246 1638 1303 capaces

16 1316 313 1391 redditae,
353 1317 562 1393 sentio,
601 1332 900 1392 numquam
926 1328 1018 1377 cas
1045 1318 1319 1392 deponere
1345 1333 1637 1392 personam

17 1405 166 1461 civis
189 1406 268 1463 in
287 1406 592 1481 Republica
609 1406 734 1479 Dei,
761 1423 900 1479 quae
919 1424 1090 1481 quum
1104 1406 1404 1477 justissime
1433 1412 1488 1464 et
1515 1408 1634 1481 pul-

18 1496 320 1552 cher-riae
337 1500 578 1569 regatur,
599 1503 1042 1571 consequenseet,
1067 1502 1129 1553 ut
1142 1496 1400 1570 pei-ipsas
1410 1501 1636 1562 naturae

22 1585 206 1659 leges,
223 1584 308 1641 ob
317 1584 746 1659 parallelismum
756 1586 908 1655 regni
930 1586 1138 1657 gratiae
1158 1590 1216 1641 et
1226 1590 1472 1659 naturae,
1497 1584 1636 1641 Ani-

23 1689 162 1731 mae
191 1674 264 1730 vi
283 1688 506 1731 suarum
533 1673 810 1731 actionum
839 1674 911 1730 ad
933 1674 1176 1749 praemia
1197 1670 1255 1729 et
1283 1690 1488 1747 poenas
1515 1672 1638 1731 red-

23 1762 256 1819 dantur
279 1763 532 1837 aptiores.
610 1762 802 1835 quue
828 1780 988 1820 sensu
1016 1762 1125 1819 dici
1153 1765 1348 1837 potest,
1380 1763 1638 1819 virtutem

29 1852 152 1907 sibi
187 1853 296 1925 ipsi
325 1851 649 1925 praemium,
685 1852 857 1908 scelus
885 1852 992 1908 sibi
1021 1852 1127 1925 ipsi
1148 1867 1388 1924 poenam
1408 1850 1640 1925 adferre,

32 1941 168 2014 quia
199 1941 444 1997 naturali
483 1939 720 2014 quadam
747 1940 1130 2014 consequentia
1168 1956 1272 2013 pro
1301 1940 1495 1996 ultimo
1523 1940 1642 1995 ani·

31 2046 166 2087 mae
196 2033 372 2105 statu,
415 2034 582 2103 prout
619 2030 844 2104 expiata
870 2036 966 2086 aut
1003 2044 1118 2086 non
1157 2030 1380 2102 expiata
1409 2027 1637 2101 decedit,

29 2120 306 2177 naturale
335 2118 612 2192 quoddam
649 2120 824 2176 oritur
862 2118 1200 2194 divergium‚
1247 2134 1282 2173 a
1309 2118 1430 2175 Deo
1457 2118 1516 2173 in
1545 2134 1641 2173 na-

31 2214 170 2265 tura
203 2208 671 2281 ῐπιιεοῐᾱίωωω,
712 2213 768 2264 et
795 2208 999 2265 divinis
1038 2207 1324 2282 promissis
1352 2207 1638 2280 minisque,

23 2312 100 2353 ae
161 2297 388 2367 gratiae
429 2295 772 2369 justitiaeque
820 2302 1272 2368 consentaneum3
1335 2296 1639 2353 Geniorum

29 2386 232 2442 etiam
281 2386 552 2441 bonorum
591 2386 968 2459 malorumque
1003 2384 1288 2441 accedente
1314 2385 1638 2463 interventu,

29 2478 217 2549 prout
244 2474 522 2531 alterutris
537 2490 640 2531 nos
661 2475 1004 2548 sociavimus,
1036 2488 1270 2547 quorum
1291 2474 1642 2547 operationes

29 2564 244 2635 utique
279 2567 408 2619 sunt
433 2564 722 2636 naturales,
762 2564 865 2621 etsi
905 2562 1103 2621 natura
1130 2578 1319 2619 eorum
1347 2566 1538 2618 nostra
1569 2561 1644 2617 sit

32 2651 361 2709 sublimior.
450 2652 714 2709 Videmus
755 2668 886 2709 sane
924 2652 1201 2708 hominem
1227 2668 1263 2707 a
1291 2666 1488 2707 somno
1517 2666 1644 2724 pro·

35 2741 224 2797 fundo
251 2740 631 2815 evigilantem,
671 2742 786 2798 imo
824 2742 991 2798 etiam
1029 2742 1105 2797 ab
1143 2739 1437 2814 apoplexia
1467 2740 1538 2796 ad
1583 2756 1644 2795 se

35 2846 334 2886 reversum
374 2831 698 2887 memoriam
740 2835 914 2887 status
953 2830 1168 2903 pristini
1209 2846 1526 2901 recuperare
1555 2846 1643 2885 so-

36 2919 176 2976 lere.
253 2919 406 2977 Idem
435 2918 507 2976 de
529 2928 708 2977 morte
725 2920 1013 2977 dicendum
1041 2923 1139 2992 est,
1169 2935 1308 2992 quae
1337 2918 1644 2992 percepti-o-

39 3025 140 3064 nes
203 3013 422 3066 nostras
470 3011 718 3067 turbatas
767 3013 825 3066 et
873 3009 1126 3066 confusas
1175 3007 1402 3064 reddere
1445 3011 1643 3080 potest,

41 3097 234 3156 delere
261 3099 428 3174 plane
467 3115 540 3155 ex
569 3099 834 3156 memoria
861 3115 974 3156 non
1005 3101 1202 3172 potest,
1241 3097 1396 3168 cujus
1425 3111 1525 3153 usu
1555 3111 1644 3151 re-

3174 358 3305 433 467

1719 518 1918 577 deunte
1944 518 2112 575 etiam
2141 518 2385 591 praemia
2412 523 2469 575 et
2497 534 2705 594 poenae
2726 519 2907 577 locum
2937 515 3152 575 habent.
3196 517 3305 575 lta-

1719 624 1826 681 que
1853 608 2105 665 Salvator
2132 608 2249 681 ipse
2274 612 2509 665 mortem
2537 624 2733 666 somno
2758 609 3112 683 comparavit.
3166 606 3303 665 Bru·

1717 698 1790 753 tis
1825 702 2013 753 antem
2051 696 2271 755 divinae
2322 696 2597 755 societatis
2644 702 2703 753 et
2744 697 2887 767 juris
2936 696 3302 771 incapacibus,

1717 800 1984 860 personae
2010 786 2377 860 conservatiO,
2417 788 2475 843 et
2510 785 2739 842 moralis
2780 786 3166 843 immortalitas
3204 785 3302 843 tri-

1719 875 1816 933 bui
1847 890 1958 931 non
1988 879 2183 947 potest.

1808 964 1903 1020 VI.
1970 964 2159 1037 Itaque
2188 979 2303 1019 non
2328 965 2431 1034 est,
2468 950 2615 1037 'quod
2653 961 2775 1033 quis
2804 976 2876 1017 ex
2912 960 3016 1019 hac
3054 961 3301 1020 doctrina

1720 1053 2133 1126 consequentias
2184 1051 2517 1127 periculosas
2564 1055 2839 1107 vereatur:
2905 1065 3074 1124 quum
3120 1050 3307 1124 potius

1719 1142 2019 1213 Theologia
2045 1139 2311 1199 naturalis
2336 1155 2483 1212 vera,
2527 1138 2746 1196 veritati
2774 1138 3045 1195 revelatae
3072 1154 3185 1196 non
3215 1156 3303 1196 so-
3373 1157 3425 1209 ·,

1719 1232 1836 1288 lum
1864 1247 1976 1287 non
2003 1246 2339 1305 repugnans,
2382 1229 2479 1285 sed
2517 1228 2683 1283 etiam
2724 1227 2947 1285 mirifice
2985 1229 3191 1302 favens,
3230 1242 3305 1284 ex

1719 1320 1857 1376 meis
1912 1319 2193 1394 principiis
2230 1316 2595 1393 pulcherrima
2634 1316 2846 1373 ratione
2886 1316 3305 1375 demonstretur.

1717 1408 1826 1475 Qui
1856 1425 1989 1465 vero
2018 1406 2199 1465 brutis
2228 1408 2457 1480 animas,
2497 1405 2729 1479 aliisque
2768 1405 3029 1463 materiae
3056 1404 3305 1479 partibus

1718 1514 1949 1556 omnem
1974 1496 2381 1571 perceptionem
2400 1498 2459 1551 et
2478 1494 2848 1565 organismum
2868 1500 3089 1569 negant,
3117 1494 3201 1551 illi
3222 1492 3305 1551 di-

1719 1587 1908 1643 vinam
1938 1585 2283 1657 majestatem
2308 1599 2419 1640 non
2446 1584 2580 1639 satis
2605 1588 2923 1657 agnoscunt,
2962 1583 3307 1641 introducen-

1719 1680 1802 1732 tes
1829 1674 2039 1749 aliquid
2066 1674 2354 1747 indignum
2381 1673 2528 1747 Deo,
2568 1674 2626 1727 et
2654 1672 2918 1729 incultum
2931 1714 2947 1746 ,
2990 1688 3189 1746 nempe
3214 1687 3309 1727 va·

1718 1780 1883 1821 cuum
2048 1763 2321 1819 ectionum
2352 1778 2449 1817 seu
2486 1762 2807 1863 sennarum,
2846 1760 2995 1834 quod
3024 1762 3307 1835 metaphy-

1721 1853 1896 1909 sicum
1944 1852 2221 1925 appellare
2270 1848 2476 1923 possis,
2532 1864 2645 1905 non
2694 1850 2883 1905 minus
2930 1850 3308 1924 rejiciendum,

1722 1955 1890 2015 quam
1927 1956 2161 1997 vacuum
2202 1936 2465 1994 materiae
2508 1953 2607 1992 seu
2648 1937 2951 2009 physicum.
3038 1937 3146 2003 Qui
3176 1954 3309 1995 vero

1719 2031 1935 2087 animas
1961 2044 2119 2085 veras
2139 2024 2649 2102 perceptionemque
2666 2023 2805 2081 daut
2824 2024 3020 2097 brutis,
3050 2029 3107 2080 et
3128 2030 3313 2083 tamen

1721 2120 1936 2176 animas
1990 2132 2185 2177 eorum
2232 2112 2559 2172 naturaliter
2604 2114 2783 2188 perire
2830 2128 2993 2187 posse
3044 2117 3313 2188 statuunt,

1721 2209 1891 2265 etiam
1928 2206 2451 2265 demonstrationem
2504 2202 2671 2260 nobis
2719 2202 2950 2276 tollunt,
2998 2219 3099 2275 per
3145 2218 3317 2275 quam

1725 2298 2056 2372 ostenditur,
2114 2299 2325 2352 mentes
2364 2296 2581 2350 nostras
2618 2292 2939 2349 munaliter
2978 2293 3159 2365 perire
3198 2308 3315 2351 nou

1725 2403 1903 2461 posse,
1936 2390 1993 2443 et
2020 2386 2077 2443 in
2106 2384 2531 2442 socinianorum
2545 2382 2748 2451 dogma
2776 2381 3041 2453 incidunt,
3074 2380 3171 2452 qui
3196 2382 3313 2437 ani-

1725 2490 1844 2531 mas
1872 2492 1985 2533 non
2012 2474 2123 2530 nisi
2150 2470 2473 2529 miraculose
2492 2486 2587 2525 seu
2614 2486 2715 2543 per
2740 2470 2976 2541 gratiam
3003 2469 3317 2527 consa-vali

1722 2568 1935 2638 putant,
1988 2544 2186 2620 natura
2233 2566 2417 2617 autem
2464 2558 2647 2633 perire
2694 2558 2896 2615 debere
2944 2557 3317 2631 arbitrantur,

1723 2653 1873 2725 quod
1912 2656 1995 2709 est
2023 2650 2381 2721 Theologiam
2418 2648 2719 2705 naturalem
2762 2648 3009 2704 maxima
3046 2647 3131 2702 sui
3158 2652 3321 2721 parte

1725 2741 1997 2797 mutilare.
2084 2742 2373 2797 Praeterea
2403 2738 2736 2794 eontrarium
2762 2736 2952 2810 utique
2978 2735 3317 2793 demonstra·-

1725 2836 1846 2887 tum
1874 2833 1974 2902 est,
2002 2828 2135 2903 quia
2162 2828 2465 2885 substantia
2492 2842 2683 2883 careus
2710 2826 2959 2901 partibus
2986 2825 3193 2881 destrui
3220 2840 3317 2882 nn·-

1727 2918 1981 2976 tun-aliter
2008 2934 2119 2976 nou
2149 2920 2351 2992 potest.
2429 2916 2566 2975 Vale
2592 2919 2649 2972 et
2676 2916 2815 2973 fave.
2905 2915 3121 2972 Dabam
3150 2914 3317 2971 Guel-

1729 3008 1933 3079 rerbyti
1965 3011 2021 3064 4.
2051 3007 2203 3065 Junii
2242 3006 2429 3064 171⁰.
