3717 5850
1448 356 1933 555 LXXVI.s

830 675 1092 795 DE
1227 670 2503 795 LIBERTATE.

903 1030 990 1085 (n.
1031 1034 1156 1079 uss.
1193 1032 1536 1080 Bibliothecae
1571 1032 1941 1081 flandras-anae
1976 1036 2191 1083 nondun
2224 1025 2417 1093 edula).

1443 1184 1587 1191 η*-

119 1320 436 1377 Libertas
487 1321 573 1373 est
620 1316 1000 1389 spontaneitas
1062 1315 1420 1386 intelligentis
1443 1313 1468 1393 ,⁸
1515 1317 1619 1375 ita-

49 1425 161 1481 que,
207 1406 350 1478 quod
379 1410 750 1477 spontaneum
791 1409 878 1461 est
915 1404 974 1459 in
1011 1404 1178 1461 bruto
1217 1405 1306 1461 vel
1349 1406 1461 1462 alia
1492 1406 1620 1462 sub-

49 1496 228 1552 stantia
257 1492 566 1549 intellectus
597 1497 842 1569 experte,
875 1492 933 1547 id
963 1492 1024 1546 in
1052 1492 1276 1548 homine
1307 1494 1392 1549 vel
1423 1494 1480 1549 in
1511 1494 1622 1549 alia

50 1581 329 1639 substantia
365 1580 738 1653 intelligente,
789 1578 955 1635 altius
993 1579 1231 1651 assurgit
1279 1585 1335 1637 et
1383 1580 1623 1637 liberum

51 1669 348 1745 appellatur.

126 1754 613 1828 Spontaneitas
651 1757 738 1809 est
775 1752 1146 1823 contingentia
1173 1754 1294 1809 sine
1321 1754 1622 1827 coactione,

54 1840 136 1899 seu
169 1848 527 1915 spontaneum
555 1846 638 1897 est
667 1842 814 1914 quod
841 1856 943 1897 nec
971 1842 1364 1916 necessarium,
1407 1856 1510 1898 nce
1537 1857 1625 1897 co·

57 1938 213 1988 aetum
240 1936 336 1986 est.

127 2018 550 2089 contingens
599 2030 695 2071 seu
737 2014 1285 2071 Non-necessarium
1338 2018 1422 2071 est
1471 2014 1629 2085 cuius

57 2107 345 2180 oppositum
373 2119 492 2161 non
526 2102 775 2177 implicat
801 2102 1308 2159 contradictionem.

129 2196 446 2250 Coactum
475 2194 590 2262 est,
621 2188 778 2259 cujus
805 2190 1251 2270 principiumest
1277 2194 1581 2245 extemum.

132 2281 558 2337 Indifferens
601 2294 724 2333 cum
787 2293 901 2332 non
965 2282 1047 2333 est
1097 2276 1278 2346 major
1329 2278 1473 2333 ratio
1533 2294 1631 2335 cur

57 2370 149 2425 hoe
175 2368 350 2439 potius
375 2368 474 2422 fiat
502 2380 628 2422 cum
653 2360 710 2435 ι)
743 2364 900 2420 illud.
990 2364 1166 2437 Eique
1196 2364 1496 2438 opponitur
1527 2364 1630 2420 de-

61 2457 504 2511 terminatum.

105 2544 338 2611 Omnes
359 2528 922 2613 subs‘tantiarum
944 2539 1405 2609 singularium
1429 2539 1633 2596 actio-

1705 1318 1840 1393 ipsis
1853 1359 1873 1391 ,
1928 1333 2104 1390 eoque
2148 1323 2277 1375 sunt
2314 1316 2651 1390 potentiores
2681 1318 2739 1371 et
2766 1316 3150 1395 perfectiores,
3216 1324 3304 1379 vel

1705 1406 2141 1463 determinantur
2182 1405 2405 1462 aliunde
2446 1407 2506 1459 et
2544 1407 2767 1459 eatenus
2816 1403 2943 1459 aliis
2986 1408 3151 1465 rebus
3192 1426 3305 1466 ser·

1707 1496 1824 1551 vire
1850 1498 2137 1564 coguntur.

1796 1582 1897 1638 Eo
1924 1581 2144 1649 magis
2171 1583 2277 1636 est
2305 1579 2613 1636 libertas
2656 1592 2787 1649 quo
2816 1580 3035 1650 magis
3066 1584 3307 1653 agitur

1707 1685 1792 1725 ex
1835 1670 2147 1741 ratione,
2202 1684 2280 1723 eo
2332 1666 2563 1739 magis
2618 1668 2723 1721 est
2773 1667 3119 1742 servitus,
3172 1686 3308 1745 quo

1713 1757 1937 1828 magis
1967 1756 2210 1825 agitur
2240 1770 2325 1811 ex
2352 1752 2575 1809 animi
2605 1751 3089 1825 passionibus,
3162 1758 3309 1814 Nam

1712 1844 1992 1915 quatenus*
2033 1843 2249 1911 agimus
2292 1857 2367 1896 ex
2408 1841 2649 1911 ratione,
2704 1854 2775 1894 eo
2814 1842 2991 1911 magis
3032 1844 3311 1915 sequimur

1711 1929 2107 2005 perfectionem
2136 1932 2360 1985 nostrae
2396 1930 2627 1983 naturae
2641 1965 2656 1993 ‚
2698 1941 2812 1996 quo
2850 1944 2983 1983 vero
3024 1930 3198 1998 magis
3238 1946 3313 1987 ex

1711 2018 2060 2091 pasalonibus
2100 2017 2343 2089 agimus,
2390 2030 2457 2071 eo
2498 2013 2675 2085 magis
2725 2015 2996 2073 servimus
3034 2018 3312 2090 potentiae

1713 2121 1899 2162 rerum
1928 2110 2335 2161 extranearum.

2390 2188 2648 2245 Scholion

1801 2278 1883 2335 Ut
1930 2293 2064 2347 ergo
2116 2292 2234 2333 rem
2284 2275 2342 2333 in
2396 2291 2667 2332 summam
2706 2275 3057 2332 contraham:
3146 2276 3315 2336 Nulla

1714 2373 1797 2422 est
1846 2367 1911 2422 in
1960 2366 2125 2421 rebus
2176 2364 2543 2433 singularibus
2593 2363 2915 2436 necessitas,
2977 2362 3075 2419 sed
3126 2366 3318 2421 omnia

1717 2456 1848 2509 sunt
1899 2453 2289 2521 contingentia.
2378 2451 2638 2506 Vicissim
2688 2454 2875 2506 tamen
2925 2449 3080 2505 nulla
3134 2454 3217 2505 est
3256 2451 3317 2507 in

1718 2543 1885 2597 rebus
1927 2539 2331 2611 indifferentia,
2386 2538 2483 2593 sed
2522 2538 2710 2595 omnia
2761 2542 2890 2593 sunt
2937 2537 3317 2594 determinata.

57 2646 88 2687 n
99 2649 125 2686 e
135 2648 160 2685 s
197 2649 222 2685 s
235 2646 269 2685 u
281 2648 318 2685 n
332 2635 355 2686 t
391 2648 423 2685 c
435 2648 474 2686 o
487 2645 525 2684 n
539 2629 644 2684 tin
656 2642 692 2696 g
704 2644 736 2683 e
758 2644 797 2682 n
810 2633 833 2682 t
847 2644 878 2682 e
890 2644 936 2681 s·
1027 2628 1171 2681 Nam
1210 2628 1423 2683 ostendi
1454 2630 1636 2699 potest
1719 2630 2003 2697 Quatenus
2042 2626 2175 2699 quid
2220 2642 2318 2697 per
2360 2642 2419 2682 se
2448 2626 2843 2681 determinatur
2856 2665 2873 2698 ,
2906 2629 3127 2682 eatenus
3156 2642 3318 2699 spon·

53 2732 150 2775 non
191 2718 479 2789 implicare
507 2714 994 2771 contradictionem
1023 2718 1087 2769 ut
1116 2730 1206 2769 res
1235 2715 1396 2769 aliter
1425 2716 1578 2769 flant.

123 2806 364 2860 Omnes
396 2808 641 2858 tamen
668 2802 990 2856 actiones
1021 2805 1188 2856 sunt
1215 2801 1638 2855 determina·

1720 2722 1941 2773 taneum
1972 2716 2063 2769 vel
2095 2713 2187 2787 (si
2219 2712 2529 2782 intelligens
2559 2707 2667 2788 sit)
2710 2712 2945 2768 liberum
2973 2718 3084 2787 est,
3130 2718 3318 2785 quate·

1675 2819 1680 2872 ι
1721 2820 1824 2858 nus
1867 2802 2265 2857 determinatur
2304 2802 2525 2855 aliunde
2542 2841 2557 2870 ,
2600 2806 2825 2855 eatenus
2868 2800 3067 2873 servit,
3112 2816 3208 2857 seu
3237 2806 3322 2857 cst

49 2896 140 2950 lae
169 2898 236 2950 et
265 2904 632 2960 nunquam
671 2888 1216 2960 indifferentem,
1261 2888 1392 2959 quia
1426 2902 1640 2959 semper
1677 2905 1683 2961 ξ
1721 2893 1991 2946 coactum.
2080 2888 2256 2960 Hinc,
2310 2903 2421 2959 quo
2458 2888 2589 2958 quid
2630 2886 2804 2956 magis
2834 2904 2934 2960 per
2962 2904 3021 2943 se
3048 2888 3122 2944 ab
3154 2888 3320 2944 indif-

51 2981 195 3036 ‹latur
242 2979 386 3034 ratio
447 2977 717 3032 inclinans
767 2973 988 3048 quidem
1029 2990 1138 3030 non
1177 2977 1384 3030 tamem
1413 2975 1642 3030 necessi-
1725 2971 1958 3033 ferenti'a
1998 2977 2273 3032 remotum
2303 2973 2400 3046 sit,
2456 2991 2524 3030 eo
2575 2980 2659 3029 est
2698 2975 2977 3045 potentius
3020 2989 3115 3029 seu
3146 2977 3322 3046 perfe-

57 3073 196 3139 tum,
249 3069 314 3121 ut.
363 3065 446 3120 sic
495 3063 710 3136 potius,
763 3077 932 3134 quam
982 3063 1142 3118 aliter
1189 3062 1299 3118 fiat.
1389 3061 1541 3118 Nihil
1581 3063 1642 3117 fit
1677 3024 1684 3117 ι
1723 3064 1899 3138 etius,
1950 3065 2239 3133 minusque
2289 3077 2429 3133 opus
2478 3061 2644 3116 habet
2680 3061 2905 3116 aliunde
2948 3061 3319 3118 determinari.

61 3158 166 3210 sine
193 3154 428 3210 ratione.

136 3241 467 3298 Libertas
507 3235 1061 3294 indifferentiae
1091 3240 1202 3292 est
1230 3235 1638 3308 impossibi-

65 3330 156 3386 lis.
241 3328 398 3384 Adeo
427 3331 490 3382 ut
523 3343 594 3381 ne
621 3326 682 3380 in
713 3326 892 3380 Deum
922 3323 1146 3394 quidem
1175 3323 1351 3394 cadat,
1386 3339 1515 3380 nam
1547 3324 1642 3379 de-

1679 3124 1686 3263 t
1725 3153 1873 3208 Deus
1898 3167 2025 3207 eum
2046 3151 2121 3206 sit
2140 3149 2569 3220 perfectissimus
2596 3148 2841 3218 adeoque
2860 3147 3197 3223 liberrimuS,
3230 3151 3322 3206 de-

1728 3239 2055 3296 terminatur
2096 3253 2169 3292 cx
2197 3253 2254 3292 se
2283 3237 2421 3293 solo.
2508 3235 2625 3292 Nos
2672 3252 2820 3308 vero,
2850 3251 2961 3308 quo
2992 3237 3166 3306 magis
3196 3253 3323 3294 cum

1728 3327 1945 3383 ratione
1984 3325 2199 3395 agimus
2226 3335 2305 3380 ‘eo
2342 3323 2518 3396 magis
2556 3339 2629 3379 ex
2666 3327 2859 3380 nostra
2894 3327 3120 3380 naturae
3146 3328 3324 3396 perfe-

67 3417 374 3472 tcrminatus
422 3413 518 3468 ille
569 3417 656 3468 est
705 3411 776 3467 ad
829 3411 1104 3482 optimum
1154 3412 1525 3484 efficiendum,
1589 3415 1648 3465 et
1731 3413 2012 3470 ctionibus
2070 3412 2529 3485 determinamur,
2588 3413 2691 3467 hoc
2744 3414 2829 3466 est
2898 3410 3059 3467 liberi
3117 3429 3321 3470 sumuS.

69 3510 300 3560 ereatura
329 3517 548 3573 semper
576 3515 650 3556 ex
682 3499 994 3556 rationibus
1037 3499 1268 3554 internis
1296 3499 1647 3570 externisque
1681 3506 1688 3546 ὲ
1733 3501 1896 3566 Quod
1946 3517 2081 3557 vero
2134 3501 2287 3572 ipsae
2324 3499 2685 3572 perfectIOnes
2724 3501 2948 3555 nostrae
2989 3499 3325 3576 alienaeque,

69 3590 459 3646 determinatur.

1732 3591 1959 3659 totaque
1996 3602 2182 3643 rerum
2220 3591 2443 3658 natura,
2486 3603 2562 3641 ex
2602 3585 2789 3641 divina
2828 3587 3109 3641 voluntate
3145 3595 3327 3644 creata

149 3681 286 3743 Quo
315 3678 474 3748 plus
503 3673 962 3731 substantiae
991 3677 1156 3728 sunt
1183 3689 1302 3745 per
1331 3689 1400 3728 se
1422 3671 1644 3728 deter-
1731 3679 1834 3745 est,
1866 3675 2112 3730 libertati
2139 3675 2638 3748 spontaneitatique
2666 3689 2851 3728 rerum
2881 3672 2958 3726 nil
2990 3671 3177 3747 obest,
3208 3675 3325 3731 imo

75 3766 392 3835 minatae,
421 3770 490 3820 et
533 3762 617 3819 ab
657 3761 1166 3817 indifferentia
1205 3763 1536 3833 remotae,
1565 3777 1643 3817 eo
1729 3762 1919 3835 potins
1949 3763 2073 3818 ideo
2102 3779 2191 3816 res
2220 3762 2428 3817 liberae
2457 3766 2599 3831 suut,
2632 3759 2779 3830 quod
2808 3759 2957 3815 Deus
2986 3759 3223 3830 aliquem
3254 3763 3325 3818 iis

75 3857 218 3908 sunt
273 3851 762 3924 perfectiores.
853 3849 992 3905 Cum
1052 3848 1202 3904 enim
1267 3863 1484 3919 semper
1533 3849 1646 3904 sint

79 3939 478 4012 determinatae,
544 3940 631 3995 vel
669 3939 876 3996 habent
922 3935 1432 3993 determinationem
1473 3951 1546 3992 ex
1586 3951 1645 3995 so

147 4105 194 4172 ι)
227 4117 260 4161 1.
297 4125 464 4170 quam.

1730 3849 1961 3923 gradum
2011 3848 2363 3922 perfectionis
2404 3863 2500 3904 seu
2542 3845 2810 3903 libertatis
2849 3863 2981 3903 suae
3018 3849 3325 3904 commuui-

1729 3937 1895 3994 cavit.

2648 5190 2727 5246 85
