3717 5850
1181 335 1440 393 Lxxut.
1528 334 1943 393 CAUSA
2026 335 2259 393 DEI.

88 478 242 529 certe
279 473 463 528 minus
503 476 793 530 restiturus
831 475 1006 545 magis
1039 474 1284 546 juvisse3
1325 474 1449 531 aliis
1488 476 1685 548 placet,

85 561 322 632 aequale
355 559 625 616 auxilium
663 561 723 617 in
763 560 848 616 his
886 562 1009 633 plus
1049 562 1320 639 effecius&
1369 563 1467 619 alii
1494 568 1687 621 contra

84 649 298 703 nolunt
320 648 598 703 hominem
627 649 1034 721 quodammodo
1088 666 1150 703 se
1189 650 1494 707 discernere
1533 650 1685 724 apud

83 734 304 798 Deum,
355 737 742 809 praerogativa
789 740 1018 793 naturae
1069 737 1341 809 melioriS,
1393 743 1492 795 aut
1539 744 1686 795 certe

79 824 276 879 minus
306 824 498 879 malae.

187 912 333 967 136.
367 908 633 981 Equidem
663 908 948 966 indubium
969 915 1070 982 est,
1105 910 1164 965 in
1187 911 1427 966 rationes
1450 910 1684 983 eligendi

81 998 240 1070 apud
293 998 604 1071 Sapientem
649 997 861 1069 ingredi
900 998 1399 1055 considerationem
1451 1000 1684 1070 qualita-

81 1090 214 1141 tum
267 1084 488 1154 objecti.
587 1085 717 1140 Non
767 1090 952 1141 tamen
1000 1102 1216 1158 semper
1263 1088 1384 1159 ipsa
1433 1087 1686 1144 absolute

81 1177 314 1245 sumpta
354 1172 555 1240 objecti
595 1174 1224 1248 praestantiaurationem
1253 1174 1490 1245 eligendi
1523 1174 1684 1247 facit3

81 1260 186 1315 sed
218 1276 382 1331 saepe
409 1260 789 1317 convenientia
818 1262 896 1317 rei
927 1260 1000 1316 ad
1028 1267 1238 1317 certum
1267 1262 1431 1318 finem
1453 1262 1509 1317 in
1528 1265 1684 1321 certa

79 1363 278 1403 rerum
307 1347 596 1418 hypothesi
626 1349 801 1417 magis
833 1354 1122 1420 spectatur.

183 1435 331 1489 137.
365 1434 452 1489 lta
487 1434 604 1489 fieri
643 1439 854 1509 potest,
901 1439 962 1492 ut
1000 1435 1060 1490 in
1090 1437 1358 1493 structura
1387 1436 1474 1490 vel
1503 1435 1560 1491 in
1591 1452 1682 1491 or-

75 1526 222 1577 natu
263 1537 378 1576 non
417 1522 651 1591 eligatur
689 1522 828 1594 lapis
856 1522 1248 1602 pulcherrimus
1277 1528 1374 1578 aut
1403 1524 1683 1603 pretiosis-

78 1609 286 1681 simuS,
318 1608 412 1663 sed
441 1608 534 1679 qui
565 1609 746 1664 locum
777 1615 1062 1665 vacantem
1092 1613 1303 1683 optime
1331 1611 1540 1682 implet.

181 1696 330 1751 138.
370 1695 732 1751 Tutissimum
773 1701 956 1752 autem
984 1700 1066 1752 est
1095 1702 1336 1753 statuere
1363 1714 1554 1751 omncs
1584 1698 1680 1753 ho—

76 1782 284 1855 mines,
313 1798 440 1839 cum
474 1784 586 1839 sint
613 1784 971 1854 spiritualiter
993 1785 1213 1857 mortui,
1244 1785 1543 1853 aequaliter
1561 1800 1680 1840 esse

73 1875 141 1925 at
185 1887 302 1926 non
341 1870 594 1926 similiter
632 1870 825 1927 malos,
913 1872 1104 1943 ltaque
1145 1872 1330 1943 pravis
1372 1870 1679 1927 inclinatio-

75 1958 192 2012 bus
232 1956 518 2029 different,
561 1959 878 2029 evenietque
918 1963 980 2014 ut
1008 1960 1414 2030 praeferantur,
1456 1957 1548 2029 qui
1581 1974 1679 2029 per

73 2045 287 2100 seriem
319 2061 502 2101 rerum
551 2045 974 2101 circumstantiis
1013 2044 1493 2102 favorabilioribus
1535 2044 1676 2114 obji-

68 2132 328 2203 ciuntur3
377 2132 438 2187 in
488 2133 686 2203 quibus
715 2133 988 2189 minorem
1019 2133 1210 2206 (certe
1239 2134 1296 2189 in
1326 2126 1517 2208 exitu)
1548 2148 1676 2187 exe-

67 2221 291 2276 rendae
341 2220 632 2291 peculiaris
680 2222 999 2295 pravitatiS,
1049 2220 1318 2290 majorem
1360 2219 1676 2293 recipiendo

65 2308 266 2377 gratia
293 2308 630 2364 ocoesionem
661 2308 933 2364 invenere.

179 2396 321 2450 139.
361 2396 552 2468 ltaque
589 2394 767 2453 nostri
805 2410 1022 2467 quoque
1049 2394 1342 2468 Theologi,
1393 2392 1678 2466 experien-

65 2482 222 2539 tiam
252 2484 446 2555 secuti,
478 2483 540 2538 in
566 2483 808 2539 externis
836 2490 983 2539 certe
1013 2481 1207 2537 salutis
1237 2480 1479 2554 auxiliis,
1507 2480 1677 2535 etiam

62 2586 209 2625 cum
239 2570 482 2641 aequalis
511 2580 656 2627 esset
683 2572 904 2627 interna
931 2569 1123 2639 gratia,
1153 2572 1492 2638 agnoverunt
1519 2566 1676 2623 diffe-

59 2656 319 2712 rentiam
361 2658 645 2715 hominum
687 2658 989 2731 insignem,
1040 2661 1096 2712 et
1136 2658 1196 2711 in
1237 2654 1674 2712 circumstantia-

59 2758 210 2798 rum
239 2749 628 2800 extranearum
671 2762 772 2800 nos
812 2745 1164 2801 afficientium
1194 2744 1516 2799 oeconomia
1545 2758 1676 2797 con-

57 2832 298 2902 fugiunt
326 2833 394 2886 ad
426 2817 644 2891 Βάθος
675 2832 862 2885 Pauli:
893 2831 1024 2885 dum
1049 2834 1196 2885 sorte
1227 2830 1500 2901 nascendi,
1541 2828 1676 2885 edu-

55 2917 342 2988 oetioniS‚
373 2917 831 2988 conversationis,
873 2917 1022 2972 vitae
1061 2917 1303 2989 generis,
1343 2932 1678 2987 casuumque

47 3005 468 3076 fortuitorum,
499 3021 660 3076 saepe
699 3003 950 3060 homines
1002 3008 1098 3059 aut
1151 3005 1532 3078 pervertuntur
1580 3007 1678 3058 aut

51 3091 457 3148 emendantur.

179 3178 320 3232 140.
365 3179 452 3234 lta
493 3179 554 3234 tit
583 3182 644 3233 ut
682 3181 897 3249 praeter
917 3177 1188 3233 Christum
1205 3217 1222 3249 ,
1274 3179 1330 3232 et
1358 3175 1670 3249 praevisam

62 3269 258 3322 status
308 3266 560 3321 salutaris
605 3265 858 3320 ultimam
913 3264 1369 3338 perseverentiam
1411 3280 1520 3335 qua
1563 3263 1670 3336 ipsi

60 3353 424 3425 adhaeretur,
454 3352 668 3408 nullum
696 3351 991 3409 Electionis
1021 3355 1120 3409 aut
1151 3352 1364 3408 dandae
1393 3351 1518 3408 fidei
1549 3352 1672 3407 fun·

62 3442 402 3498 <lamentum
427 3440 592 3499 nobis
621 3439 951 3515 innotescat,
991 3441 1144 3498 nulla
1183 3439 1372 3513 regula
1409 3439 1671 3496 constitui

3226 337 3357 400 663

1767 474 1983 548 debeat,
2014 472 2173 542 cnjus
2200 475 2495 547 applicatio
2523 477 2735 533 anobis
2764 477 2985 548 agnosci
3012 476 3227 553 debeat,
3258 496 3357 553 per

1765 578 1933 635 quam
1970 562 2175 619 scilicet
2210 554 2463 618 ho‘mines
2502 568 2598 619 aut
2638 563 2874 621 blandiri
2902 562 3035 638 sibi,
3064 569 3161 622 aut
3188 568 3356 624 insul·

1767 656 1887 706 tare
1914 649 2039 704 aliis
2064 650 2296 721 possint.

1866 738 2006 793 141.
2048 738 2193 793 Nam
2235 737 2509 793 interdum
2542 736 2819 793 insolitam
2850 738 3177 810 pravitatem
3207 756 3355 799 sum-

1768 840 2027 896 mamque
2074 826 2365 882 resistendi
2412 824 2841 881 obstinationem
2886 826 3051 882 vincit
3092 828 3243 883 Deus
3282 846 3351 884 ne

1767 913 2056 985 quisquam
2107 913 2175 967 dc
2227 912 2597 968 misericordia
2648 912 2929 985 desperet,
2981 914 3127 986 quod
3180 916 3248 969 de
3290 932 3351 973 se

1767 1002 1970 1057 Paulus
2008 986 2217 1072 innuit,
2256 999 2530 1057 interdum
2568 1000 2663 1055 diu
2706 1000 2837 1055 boni
2889 1000 2949 1054 in
2979 1000 3163 1057 medio
3190 1018 3353 1059 cursu

1765 1088 2052 1162 deficiunt,
2106 1105 2177 1142 ne
2228 1089 2351 1161 quis
2397 1088 2505 1143 sibi
2547 1087 2778 1144 nimium
2820 1087 2981 1159 fidat3
3034 1087 3353 1161 plerumque

1767 1180 1953 1231 tamen
1980 1175 2055 1247 ii,
2096 1191 2333 1248 quorum
2369 1176 2549 1231 minor
2587 1178 2669 1231 est
2696 1174 2997 1232 reluctandi
3026 1176 3268 1247 pravitas
3297 1182 3355 1233 et

1765 1262 1949 1331 majus
1976 1264 2217 1319 studium
2246 1264 2360 1319 veri
2391 1264 2655 1336 bonique,
2686 1264 2957 1333 majorem
2984 1262 3204 1317 divinae
3231 1279 3353 1333 gra·

1765 1350 1879 1405 tiae
1930 1353 2165 1406 fructum
2214 1351 2484 1421 sentiunt3
2534 1366 2603 1405 ne
2653 1351 2775 1423 quis
2816 1350 2889 1407 ad
2940 1340 3176 1405 salutem
3214 1350 3352 1405 nihil

1765 1438 2028 1493 interesse
2095 1442 2249 1510 putet
2270 1478 2287 1511 ,
2360 1438 2639 1511 quomodo
2712 1455 2772 1494 se
2840 1438 3087 1493 homines
3144 1442 3352 1508 gerant.

1765 1524 1909 1581 Add.
1946 1521 1996 1589 fi.
2036 1525 2063 1580 1
2080 1525 2177 1581 12.

1862 1612 2002 1668 142.
2055 1612 2243 1683 Ipsum
2292 1616 2475 1666 autem
2517 1594 2735 1675 Βάθος
2770 1611 2833 1667 in
2859 1610 3095 1666 Divinae
3142 1611 3354 1683 sapien-

1765 1700 1875 1755 tiae
1906 1700 2195 1770 thesauris,
2229 1700 2315 1753 vel
2346 1699 2403 1753 in
2433 1701 2554 1755 Deo
2581 1698 2934 1770 abscondito,
2968 1703 3023 1753 et
3048 1693 3232 1773 (quod
3262 1715 3355 1754 eo-

1763 1785 1891 1841 dem
1930 1786 2113 1855 redit)
2171 1786 2231 1839 in
2272 1784 2564 1841 universali
2617 1802 2802 1841 rerum
2851 1786 3138 1841 harmonia
3189 1786 3355 1856 latet,

1763 1888 1905 1944 quae
1936 1873 2062 1927 fecit
2092 1877 2152 1928 ut
2182 1872 2314 1926 haec
2344 1873 2515 1927 series
2545 1873 2827 1947 Universi,
2874 1873 3163 1943 complexa
3193 1888 3355 1928 even-

1762 1963 1850 2014 tus
1878 1973 2018 2030 quos
2046 1960 2343 2029 miramur,
2380 1958 2589 2027 judicia
2618 1976 2757 2029 quae
2786 1960 3108 2029 adoramus,
3142 1959 3357 2031 optima

1759 2047 2223 2119 praeferendaque
2252 2047 2511 2103 omnibus
2551 2061 2586 2102 a
2616 2046 2733 2101 Deo
2758 2045 3115 2115 judicaretur.
3208 2044 3355 2101 Add.

1859 2221 2000 2275 143.
2042 2220 2342 2275 Theatrum
2394 2218 2589 2275 mundi
2640 2218 2891 2291 corporei
2930 2220 3105 2289 magis
3154 2217 3357 2289 magis-

1761 2324 1869 2379 que
1907 2308 2031 2381 ipso
2080 2312 2312 2362 naturae
2348 2307 2557 2361 lumine
2596 2306 2657 2362 in
2714 2307 2815 2362 hac
2864 2306 2979 2363 vita
3026 2307 3358 2376 elegantiam

1762 2411 1921 2451 suam
1960 2394 2125 2450 nobis
2164 2394 2432 2467 ostendit,
2476 2394 2607 2450 dum
2646 2394 2953 2463 Systemata
2992 2393 3358 2448 Macrocosmi

1762 2486 1818 2538 et
1839 2482 2196 2538 Microcosmi
2218 2483 2581 2537 recentiorum
2611 2480 2852 2535 inventis
2881 2480 3086 2552 aperiri
3108 2496 3355 2551 coepere.

1857 2570 2001 2625 144.
2042 2568 2148 2625 Sed
2188 2585 2317 2640 pars
2356 2585 2539 2624 rerum
2583 2565 3089 2641 praestantissima,
3147 2566 3355 2621 Civitas

1761 2656 1894 2730 Dei,
1940 2657 2305 2729 spectaculum
2342 2660 2428 2711 cst
2456 2656 2612 2725 cujus
2651 2656 2723 2709 ad
2740 2642 3226 2726 ‘pulchritudinem
3256 2668 3357 2709 no·

1762 2744 2019 2800 scendum
2064 2744 2363 2815 aliquando
2404 2743 2627 2797 demum
2669 2742 2929 2798 illustrati
2967 2740 3199 2797 Divinae
3238 2739 3358 2811 glo-

1761 2832 1879 2885 riae
1907 2831 2113 2885 lumine
2141 2832 2365 2902 propius
2392 2830 2765 2885 admittemur.
2856 2828 3013 2885 Nunc
3040 2828 3189 2884 enim
3220 2827 3357 2883 solis

1760 2916 1889 2972 fidei
1928 2916 2128 2986 oculiS,
2170 2915 2228 2971 id
2267 2921 2349 2973 est
2380 2914 2615 2972 Divinae
2666 2916 3015 2990 perfectionis
3052 2914 3358 2972 certissima

1760 3003 1959 3059 fiducia
2000 3001 2199 3070 attingi
2237 3005 2449 3076 potest:
2490 3003 2589 3057 ubi
2632 3009 2841 3072 quanto
2883 3005 3063 3074 magis
3092 3019 3207 3058 non
3236 3008 3357 3058 tan-

1761 3095 1881 3146 tum
1932 3089 2239 3162 potentiam
2290 3096 2371 3148 et,
2398 3087 2757 3162 sapientiam,
2811 3091 2909 3145 sed
2948 3094 3008 3144 et
3046 3089 3356 3146 bonitatem

1758 3178 2056 3250 Supremae
2096 3175 2305 3232 Mentis
2346 3177 2591 3232 exerceri
2632 3176 3029 3248 intelligimuS,
3081 3193 3149 3233 eo
3176 3177 3355 3247 magis

1757 3265 2155 3346 incalescimus·
2180 3279 2370 3322 amore
2410 3264 2545 3336 Dei,
2590 3269 2647 3321 et
2672 3263 2747 3320 ad
2786 3263 3155 3322 imitationem
3184 3276 3355 3337 quan-

1755 3353 1887 3410 dam
1918 3352 2139 3409 divinae
2165 3351 2430 3410 bonitatis
2453 3351 2807 3428 ,iustitiaeque
2834 3352 3257 3411 inflammamur.

2613 5227 2757 5288 84·
