<?xml version="1.0" encoding="UTF-8"?>
<!DOCTYPE html PUBLIC "-//W3C//DTD XHTML 1.0 Transitional//EN"
    "http://www.w3.org/TR/xhtml1/DTD/xhtml1-transitional.dtd">
<html xmlns="http://www.w3.org/1999/xhtml" xml:lang="en" lang="en">
 <head>
  <title>
</title>
<meta http-equiv="Content-Type" content="text/html;charset=utf-8" />
  <meta name='ocr-system' content='tesseract 3.04.00' />
  <meta name='ocr-capabilities' content='ocr_page ocr_carea ocr_par ocr_line ocrx_word'/>
</head>
<body>
  <div class='ocr_page' id='page_1' title='image "./godguilleibniti00erdmgoog_0024.png"; bbox 0 0 3717 5850; ppageno 0'>
   <div class='ocr_carea' id='block_1_1' title="bbox 381 351 2415 414">
    <p class='ocr_par' dir='ltr' id='par_1_1' title="bbox 381 351 2415 414">
     <span class='ocr_line' id='line_1_1' title="bbox 381 351 2415 414; baseline -0.002 0"><span class='ocrx_word' id='word_1_1' title='bbox 381 355 573 414; x_wconf 84' lang='lat' dir='ltr'>XVIII</span> <span class='ocrx_word' id='word_1_2' title='bbox 1625 351 2415 412; x_wconf 83' lang='lat' dir='ltr'>PRAEFATIO.</span> 
     </span>
    </p>
   </div>
   <div class='ocr_carea' id='block_1_2' title="bbox 379 481 3689 5067">
    <p class='ocr_par' dir='ltr' id='par_1_2' title="bbox 379 481 3637 687">
     <span class='ocr_line' id='line_1_2' title="bbox 551 481 3637 579; baseline -0.003 -23"><span class='ocrx_word' id='word_1_3' title='bbox 551 484 828 558; x_wconf 86' lang='lat' dir='ltr'>XXVII.</span> <span class='ocrx_word' id='word_1_4' title='bbox 881 483 1154 555; x_wconf 88' lang='lat' dir='ltr'><strong>Lettre</strong></span> <span class='ocrx_word' id='word_1_5' title='bbox 1197 510 1327 556; x_wconf 89' lang='lat' dir='ltr'><strong>sur</strong></span> <span class='ocrx_word' id='word_1_6' title='bbox 1367 486 1444 556; x_wconf 82' lang='lat' dir='ltr'><strong>la</strong></span> <span class='ocrx_word' id='word_1_7' title='bbox 1487 489 1886 579; x_wconf 80' lang='lat' dir='ltr'><strong>question,</strong></span> <span class='ocrx_word' id='word_1_8' title='bbox 1943 488 2007 554; x_wconf 86' lang='lat' dir='ltr'><strong>si</strong></span> <span class='ocrx_word' id='word_1_9' title='bbox 2048 484 2421 553; x_wconf 87' lang='lat' dir='ltr'><strong>l’essence</strong></span> <span class='ocrx_word' id='word_1_10' title='bbox 2466 482 2562 551; x_wconf 90' lang='lat' dir='ltr'><strong>du</strong></span> <span class='ocrx_word' id='word_1_11' title='bbox 2604 505 2835 576; x_wconf 82' lang='lat' dir='ltr'><strong>corps</strong></span> <span class='ocrx_word' id='word_1_12' title='bbox 2876 483 3231 551; x_wconf 81' lang='lat' dir='ltr'><strong>consiste</strong></span> <span class='ocrx_word' id='word_1_13' title='bbox 3274 481 3462 552; x_wconf 87' lang='lat' dir='ltr'><strong>dans</strong></span> <span class='ocrx_word' id='word_1_14' title='bbox 3504 481 3637 549; x_wconf 73' lang='grc' dir='ltr'><strong>Γέ-</strong></span> 
     </span>
     <span class='ocr_line' id='line_1_3' title="bbox 379 601 2978 687; baseline 0.001 -18"><span class='ocrx_word' id='word_1_15' title='bbox 379 601 702 687; x_wconf 86' lang='lat' dir='ltr'><strong>tendue,</strong></span> <span class='ocrx_word' id='word_1_16' title='bbox 759 612 836 670; x_wconf 90' lang='lat' dir='ltr'><strong>et</strong></span> <span class='ocrx_word' id='word_1_17' title='bbox 2971 663 2978 672; x_wconf 95' lang='lat'>.</span> 
     </span>
    </p>

    <p class='ocr_par' dir='ltr' id='par_1_3' title="bbox 379 710 3645 1156">
     <span class='ocr_line' id='line_1_4' title="bbox 556 710 3645 806; baseline -0.002 -20"><span class='ocrx_word' id='word_1_18' title='bbox 556 715 854 786; x_wconf 88' lang='lat' dir='ltr'>XXVIII.</span> <span class='ocrx_word' id='word_1_19' title='bbox 945 717 1256 785; x_wconf 85' lang='lat' dir='ltr'><strong>Extrait</strong></span> <span class='ocrx_word' id='word_1_20' title='bbox 1341 715 1566 785; x_wconf 84' lang='lat' dir='ltr'><strong>d&#39;une</strong></span> <span class='ocrx_word' id='word_1_21' title='bbox 1654 715 1893 784; x_wconf 88' lang='lat' dir='ltr'><strong>lettre</strong></span> <span class='ocrx_word' id='word_1_22' title='bbox 1978 737 2177 806; x_wconf 89' lang='lat' dir='ltr'><strong>pour</strong></span> <span class='ocrx_word' id='word_1_23' title='bbox 2260 717 2615 784; x_wconf 88' lang='lat' dir='ltr'><strong>soutenir</strong></span> <span class='ocrx_word' id='word_1_24' title='bbox 2702 737 2791 784; x_wconf 93' lang='lat' dir='ltr'><strong>ce</strong></span> <span class='ocrx_word' id='word_1_25' title='bbox 2875 713 3069 805; x_wconf 87' lang='lat' dir='ltr'><strong>qu’il</strong></span> <span class='ocrx_word' id='word_1_26' title='bbox 3161 738 3205 804; x_wconf 88' lang='lat' dir='ltr'>y</span> <span class='ocrx_word' id='word_1_27' title='bbox 3270 737 3309 781; x_wconf 88' lang='lat' dir='ltr'><strong>a</strong></span> <span class='ocrx_word' id='word_1_28' title='bbox 3374 711 3466 780; x_wconf 88' lang='lat' dir='ltr'><strong>de</strong></span> <span class='ocrx_word' id='word_1_29' title='bbox 3526 710 3645 780; x_wconf 82' lang='lat' dir='ltr'><strong>lui</strong></span> 
     </span>
     <span class='ocr_line' id='line_1_5' title="bbox 383 828 3645 902; baseline -0.002 -2"><span class='ocrx_word' id='word_1_30' title='bbox 383 831 572 901; x_wconf 87' lang='lat' dir='ltr'><strong>dans</strong></span> <span class='ocrx_word' id='word_1_31' title='bbox 615 830 690 902; x_wconf 89' lang='lat' dir='ltr'><strong>le</strong></span> <span class='ocrx_word' id='word_1_32' title='bbox 729 831 1059 901; x_wconf 84' lang='lat' dir='ltr'><strong>Journal</strong></span> <span class='ocrx_word' id='word_1_33' title='bbox 1102 832 1239 900; x_wconf 88' lang='lat' dir='ltr'><strong>des</strong></span> <span class='ocrx_word' id='word_1_34' title='bbox 1285 833 1594 901; x_wconf 89' lang='lat' dir='ltr'><strong>Savans</strong></span> <span class='ocrx_word' id='word_1_35' title='bbox 1638 830 1738 898; x_wconf 92' lang='lat' dir='ltr'><strong>du</strong></span> <span class='ocrx_word' id='word_1_36' title='bbox 1783 835 1888 898; x_wconf 84' lang='grc'><strong>18.</strong></span> <span class='ocrx_word' id='word_1_37' title='bbox 1933 831 2119 898; x_wconf 85' lang='lat' dir='ltr'><strong>Juin</strong></span> <span class='ocrx_word' id='word_1_38' title='bbox 2165 835 2357 901; x_wconf 82' lang='lat'>1691.</span> <span class='ocrx_word' id='word_1_39' title='bbox 2450 831 2619 898; x_wconf 90' lang='lat' dir='ltr'><strong>Cum</strong></span> <span class='ocrx_word' id='word_1_40' title='bbox 2659 828 2819 898; x_wconf 89' lang='lat' dir='ltr'><strong>haec</strong></span> <span class='ocrx_word' id='word_1_41' title='bbox 2864 833 2943 897; x_wconf 89' lang='lat' dir='ltr'><strong>sit</strong></span> <span class='ocrx_word' id='word_1_42' title='bbox 2985 829 3215 898; x_wconf 86' lang='lat' dir='ltr'><strong>horum</strong></span> <span class='ocrx_word' id='word_1_43' title='bbox 3258 837 3645 896; x_wconf 78' lang='lat' dir='ltr'><strong>tractatuum</strong></span> 
     </span>
     <span class='ocr_line' id='line_1_6' title="bbox 379 925 3645 1039; baseline -0.002 -23"><span class='ocrx_word' id='word_1_44' title='bbox 379 949 560 1032; x_wconf 87' lang='lat' dir='ltr'><strong>ratio,</strong></span> <span class='ocrx_word' id='word_1_45' title='bbox 603 958 677 1016; x_wconf 89' lang='lat' dir='ltr'><strong>ut</strong></span> <span class='ocrx_word' id='word_1_46' title='bbox 715 972 880 1017; x_wconf 90' lang='lat' dir='ltr'><strong>unus</strong></span> <span class='ocrx_word' id='word_1_47' title='bbox 923 947 1190 1016; x_wconf 87' lang='lat' dir='ltr'><strong>alterum</strong></span> <span class='ocrx_word' id='word_1_48' title='bbox 1233 946 1502 1039; x_wconf 78' lang='lat' dir='ltr'><strong>explicet</strong></span> <span class='ocrx_word' id='word_1_49' title='bbox 1544 925 1913 1013; x_wconf 80' lang='lat' dir='ltr'><strong>defendatve</strong></span> <span class='ocrx_word' id='word_1_50' title='bbox 1924 994 1945 1027; x_wconf 94' lang='lat'><strong>,</strong></span> <span class='ocrx_word' id='word_1_51' title='bbox 1999 968 2202 1014; x_wconf 89' lang='lat' dir='ltr'><strong>unum</strong></span> <span class='ocrx_word' id='word_1_52' title='bbox 2258 944 2435 1014; x_wconf 89' lang='lat' dir='ltr'><strong>alteri</strong></span> <span class='ocrx_word' id='word_1_53' title='bbox 2476 944 2769 1037; x_wconf 84' lang='lat' dir='ltr'><strong>subjunxi</strong></span> <span class='ocrx_word' id='word_1_54' title='bbox 2784 997 2803 1028; x_wconf 95' lang='lat'>‚</span> <span class='ocrx_word' id='word_1_55' title='bbox 2860 948 2979 1013; x_wconf 86' lang='lat' dir='ltr'><strong>etsi</strong></span> <span class='ocrx_word' id='word_1_56' title='bbox 3031 945 3263 1012; x_wconf 91' lang='lat' dir='ltr'><strong>biennii</strong></span> <span class='ocrx_word' id='word_1_57' title='bbox 3312 941 3645 1010; x_wconf 85' lang='lat' dir='ltr'><strong>intervallo</strong></span> 
     </span>
     <span class='ocr_line' id='line_1_7' title="bbox 383 1059 3351 1156; baseline -0.002 -24"><span class='ocrx_word' id='word_1_58' title='bbox 383 1062 630 1132; x_wconf 82' lang='lat' dir='ltr'><strong>distant.</strong></span> <span class='ocrx_word' id='word_1_59' title='bbox 713 1063 1025 1156; x_wconf 91' lang='lat' dir='ltr'><strong>Uterque,</strong></span> <span class='ocrx_word' id='word_1_60' title='bbox 1069 1063 1289 1131; x_wconf 88' lang='lat' dir='ltr'><strong>Diario</strong></span> <span class='ocrx_word' id='word_1_61' title='bbox 1331 1060 1554 1154; x_wconf 85' lang='lat' dir='ltr'><strong>gallico</strong></span> <span class='ocrx_word' id='word_1_62' title='bbox 1598 1062 1875 1150; x_wconf 89' lang='lat' dir='ltr'><strong>primum</strong></span> <span class='ocrx_word' id='word_1_63' title='bbox 1916 1061 2219 1145; x_wconf 88' lang='lat' dir='ltr'><strong>insertus,</strong></span> <span class='ocrx_word' id='word_1_64' title='bbox 2260 1064 2327 1129; x_wconf 91' lang='lat' dir='ltr'><strong>in</strong></span> <span class='ocrx_word' id='word_1_65' title='bbox 2368 1060 2733 1128; x_wconf 83' lang='lat' dir='ltr'><strong>collectione</strong></span> <span class='ocrx_word' id='word_1_66' title='bbox 2776 1060 3069 1128; x_wconf 86' lang='lat' dir='ltr'><strong>Dutensii</strong></span> <span class='ocrx_word' id='word_1_67' title='bbox 3108 1059 3351 1152; x_wconf 85' lang='lat' dir='ltr'><strong>legitur.</strong></span> 
     </span>
    </p>

    <p class='ocr_par' dir='ltr' id='par_1_4' title="bbox 382 1172 3651 1498">
     <span class='ocr_line' id='line_1_8' title="bbox 562 1172 3651 1266; baseline -0.003 -19"><span class='ocrx_word' id='word_1_68' title='bbox 562 1177 814 1257; x_wconf 83' lang='lat' dir='ltr'>XXIX.</span> <span class='ocrx_word' id='word_1_69' title='bbox 871 1179 1179 1247; x_wconf 84' lang='lat' dir='ltr'><strong>Extrait</strong></span> <span class='ocrx_word' id='word_1_70' title='bbox 1235 1176 1455 1245; x_wconf 89' lang='lat' dir='ltr'><strong>d&#39;une</strong></span> <span class='ocrx_word' id='word_1_71' title='bbox 1512 1175 1750 1244; x_wconf 89' lang='lat' dir='ltr'><strong>lettre</strong></span> <span class='ocrx_word' id='word_1_72' title='bbox 1807 1175 1846 1242; x_wconf 76' lang='lat' dir='ltr'><strong>a</strong></span> <span class='ocrx_word' id='word_1_73' title='bbox 1901 1174 2027 1243; x_wconf 88' lang='lat' dir='ltr'><strong>Mr.</strong></span> <span class='ocrx_word' id='word_1_74' title='bbox 2072 1174 2453 1244; x_wconf 86' lang='lat' dir='ltr'><strong>Foucher.</strong></span> <span class='ocrx_word' id='word_1_75' title='bbox 2543 1177 2793 1266; x_wconf 82' lang='lat' dir='ltr'><strong>Scripta</strong></span> <span class='ocrx_word' id='word_1_76' title='bbox 2836 1186 2933 1242; x_wconf 88' lang='lat' dir='ltr'><strong>est</strong></span> <span class='ocrx_word' id='word_1_77' title='bbox 2974 1173 3133 1240; x_wconf 88' lang='lat' dir='ltr'><strong>haec</strong></span> <span class='ocrx_word' id='word_1_78' title='bbox 3176 1172 3439 1265; x_wconf 87' lang='lat' dir='ltr'><strong>epistola</strong></span> <span class='ocrx_word' id='word_1_79' title='bbox 3476 1195 3651 1239; x_wconf 87' lang='lat' dir='ltr'><strong>anno</strong></span> 
     </span>
     <span class='ocr_line' id='line_1_9' title="bbox 385 1288 3651 1382; baseline -0.002 -20"><span class='ocrx_word' id='word_1_80' title='bbox 385 1293 780 1364; x_wconf 87' lang='lat' dir='ltr'>MDCXCII.</span> <span class='ocrx_word' id='word_1_81' title='bbox 855 1295 980 1362; x_wconf 92' lang='lat' dir='ltr'><strong>Cui</strong></span> <span class='ocrx_word' id='word_1_82' title='bbox 1021 1317 1168 1361; x_wconf 89' lang='lat' dir='ltr'><strong>cum</strong></span> <span class='ocrx_word' id='word_1_83' title='bbox 1212 1292 1262 1359; x_wconf 92' lang='lat' dir='ltr'>F</span> <span class='ocrx_word' id='word_1_84' title='bbox 1267 1289 1580 1359; x_wconf 81' lang='lat' dir='ltr'><strong>oucherus</strong></span> <span class='ocrx_word' id='word_1_85' title='bbox 1623 1288 2030 1382; x_wconf 82' lang='lat' dir='ltr'><strong>responderet</strong></span> <span class='ocrx_word' id='word_1_86' title='bbox 2072 1293 2603 1382; x_wconf 87' lang='lat' dir='ltr'><strong>responsioneque</strong></span> <span class='ocrx_word' id='word_1_87' title='bbox 2648 1289 3125 1382; x_wconf 78' lang='lat' dir='ltr'><strong>explicationem</strong></span> <span class='ocrx_word' id='word_1_88' title='bbox 3166 1288 3454 1358; x_wconf 88' lang='lat' dir='ltr'><strong>Leibnitii</strong></span> <span class='ocrx_word' id='word_1_89' title='bbox 3492 1311 3651 1380; x_wconf 91' lang='lat' dir='ltr'><strong>pro-</strong></span> 
     </span>
     <span class='ocr_line' id='line_1_10' title="bbox 382 1404 1917 1498; baseline -0.005 -20"><span class='ocrx_word' id='word_1_90' title='bbox 382 1420 656 1493; x_wconf 83' lang='lat' dir='ltr'><strong>vocaret,</strong></span> <span class='ocrx_word' id='word_1_91' title='bbox 698 1410 750 1478; x_wconf 92' lang='lat' dir='ltr'><strong>F</strong></span> <span class='ocrx_word' id='word_1_92' title='bbox 753 1408 1010 1477; x_wconf 89' lang='lat' dir='ltr'><strong>oucheri</strong></span> <span class='ocrx_word' id='word_1_93' title='bbox 1053 1410 1242 1474; x_wconf 88' lang='lat' dir='ltr'><strong>etiam</strong></span> <span class='ocrx_word' id='word_1_94' title='bbox 1287 1404 1616 1498; x_wconf 88' lang='lat' dir='ltr'><strong>epistolam</strong></span> <span class='ocrx_word' id='word_1_95' title='bbox 1654 1407 1917 1472; x_wconf 89' lang='lat' dir='ltr'><strong>inserui:</strong></span> 
     </span>
    </p>

    <p class='ocr_par' dir='ltr' id='par_1_5' title="bbox 559 1518 2973 1612">
     <span class='ocr_line' id='line_1_11' title="bbox 559 1518 2973 1612; baseline -0.002 -18"><span class='ocrx_word' id='word_1_96' title='bbox 559 1523 788 1594; x_wconf 88' lang='lat' dir='ltr'>XXX.</span> <span class='ocrx_word' id='word_1_97' title='bbox 840 1524 1157 1592; x_wconf 87' lang='lat' dir='ltr'><strong>Extrait</strong></span> <span class='ocrx_word' id='word_1_98' title='bbox 1200 1521 1422 1588; x_wconf 87' lang='lat' dir='ltr'><strong>d&#39;une</strong></span> <span class='ocrx_word' id='word_1_99' title='bbox 1465 1519 1703 1587; x_wconf 88' lang='lat' dir='ltr'><strong>lettre</strong></span> <span class='ocrx_word' id='word_1_100' title='bbox 1757 1520 1850 1588; x_wconf 89' lang='lat' dir='ltr'><strong>de</strong></span> <span class='ocrx_word' id='word_1_101' title='bbox 1893 1518 2016 1588; x_wconf 85' lang='grc' dir='ltr'><strong>Μι·.</strong></span> <span class='ocrx_word' id='word_1_102' title='bbox 2061 1519 2449 1604; x_wconf 87' lang='lat' dir='ltr'><strong>Foucher,</strong></span> <span class='ocrx_word' id='word_1_103' title='bbox 2507 1544 2700 1612; x_wconf 88' lang='lat' dir='ltr'><strong>quam</strong></span> <span class='ocrx_word' id='word_1_104' title='bbox 2746 1523 2973 1612; x_wconf 86' lang='lat' dir='ltr'><strong>excipit</strong></span> 
     </span>
    </p>

    <p class='ocr_par' dir='ltr' id='par_1_6' title="bbox 383 1633 3651 1843">
     <span class='ocr_line' id='line_1_12' title="bbox 559 1633 3651 1729; baseline -0.003 -22"><span class='ocrx_word' id='word_1_105' title='bbox 559 1637 812 1708; x_wconf 88' lang='lat' dir='ltr'>XXXI.</span> <span class='ocrx_word' id='word_1_106' title='bbox 868 1638 1234 1729; x_wconf 71' lang='lat' dir='ltr'><strong>Reponse</strong></span> <span class='ocrx_word' id='word_1_107' title='bbox 1289 1634 1378 1703; x_wconf 91' lang='lat' dir='ltr'><strong>de</strong></span> <span class='ocrx_word' id='word_1_108' title='bbox 1420 1633 1545 1702; x_wconf 85' lang='lat' dir='ltr'><strong>Mr.</strong></span> <span class='ocrx_word' id='word_1_109' title='bbox 1590 1633 1915 1702; x_wconf 84' lang='lat' dir='ltr'><strong>Leibniz</strong></span> <span class='ocrx_word' id='word_1_110' title='bbox 1960 1635 1999 1702; x_wconf 71' lang='lat' dir='ltr'><strong>a</strong></span> <span class='ocrx_word' id='word_1_111' title='bbox 2041 1633 2385 1703; x_wconf 84' lang='lat' dir='ltr'><strong>l&#39;extrait</strong></span> <span class='ocrx_word' id='word_1_112' title='bbox 2438 1636 2528 1703; x_wconf 90' lang='lat' dir='ltr'><strong>de</strong></span> <span class='ocrx_word' id='word_1_113' title='bbox 2570 1635 2641 1704; x_wconf 90' lang='lat' dir='ltr'><strong>la</strong></span> <span class='ocrx_word' id='word_1_114' title='bbox 2686 1636 2919 1704; x_wconf 91' lang='lat' dir='ltr'><strong>lettre</strong></span> <span class='ocrx_word' id='word_1_115' title='bbox 2976 1634 3067 1702; x_wconf 92' lang='lat' dir='ltr'><strong>de</strong></span> <span class='ocrx_word' id='word_1_116' title='bbox 3106 1633 3235 1704; x_wconf 84' lang='lat' dir='ltr'><strong>Mr.</strong></span> <span class='ocrx_word' id='word_1_117' title='bbox 3276 1633 3651 1704; x_wconf 88' lang='lat' dir='ltr'><strong>Foucher.</strong></span> 
     </span>
     <span class='ocr_line' id='line_1_13' title="bbox 383 1748 3511 1843; baseline -0.002 -20"><span class='ocrx_word' id='word_1_118' title='bbox 383 1754 632 1823; x_wconf 88' lang='lat' dir='ltr'><strong>Ternae</strong></span> <span class='ocrx_word' id='word_1_119' title='bbox 673 1755 796 1822; x_wconf 88' lang='lat' dir='ltr'><strong>hae</strong></span> <span class='ocrx_word' id='word_1_120' title='bbox 836 1753 1052 1820; x_wconf 86' lang='lat' dir='ltr'><strong>literae</strong></span> <span class='ocrx_word' id='word_1_121' title='bbox 1092 1754 1159 1819; x_wconf 91' lang='lat' dir='ltr'><strong>in</strong></span> <span class='ocrx_word' id='word_1_122' title='bbox 1200 1750 1418 1818; x_wconf 87' lang='lat' dir='ltr'><strong>Diario</strong></span> <span class='ocrx_word' id='word_1_123' title='bbox 1463 1749 1684 1841; x_wconf 88' lang='lat' dir='ltr'><strong>gallico</strong></span> <span class='ocrx_word' id='word_1_124' title='bbox 1728 1752 2003 1840; x_wconf 90' lang='lat' dir='ltr'><strong>primum</strong></span> <span class='ocrx_word' id='word_1_125' title='bbox 2050 1748 2279 1834; x_wconf 89' lang='lat' dir='ltr'><strong>editae,</strong></span> <span class='ocrx_word' id='word_1_126' title='bbox 2336 1751 2504 1843; x_wconf 88' lang='lat' dir='ltr'><strong>apud</strong></span> <span class='ocrx_word' id='word_1_127' title='bbox 2547 1751 2929 1820; x_wconf 90' lang='lat' dir='ltr'><strong>Dutensium</strong></span> <span class='ocrx_word' id='word_1_128' title='bbox 2975 1753 3161 1819; x_wconf 86' lang='lat' dir='ltr'><strong>etiam</strong></span> <span class='ocrx_word' id='word_1_129' title='bbox 3204 1749 3511 1842; x_wconf 86' lang='lat' dir='ltr'><strong>leguntur.</strong></span> 
     </span>
    </p>

    <p class='ocr_par' dir='ltr' id='par_1_7' title="bbox 383 1865 3655 2303">
     <span class='ocr_line' id='line_1_14' title="bbox 557 1865 3655 1958; baseline -0.001 -24"><span class='ocrx_word' id='word_1_130' title='bbox 557 1866 820 1935; x_wconf 83' lang='lat' dir='ltr'>XXXII.</span> <span class='ocrx_word' id='word_1_131' title='bbox 876 1868 996 1936; x_wconf 91' lang='lat' dir='ltr'><strong>De</strong></span> <span class='ocrx_word' id='word_1_132' title='bbox 1037 1865 1490 1934; x_wconf 90' lang='lat' dir='ltr'><strong>notionibus</strong></span> <span class='ocrx_word' id='word_1_133' title='bbox 1537 1868 1736 1958; x_wconf 88' lang='lat' dir='ltr'><strong>juris</strong></span> <span class='ocrx_word' id='word_1_134' title='bbox 1795 1875 1873 1932; x_wconf 88' lang='lat' dir='ltr'><strong>et</strong></span> <span class='ocrx_word' id='word_1_135' title='bbox 1922 1867 2303 1957; x_wconf 88' lang='lat' dir='ltr'><strong>justitiae.</strong></span> <span class='ocrx_word' id='word_1_136' title='bbox 2374 1867 2686 1958; x_wconf 88' lang='lat' dir='ltr'><strong>Excerpta</strong></span> <span class='ocrx_word' id='word_1_137' title='bbox 2730 1878 2880 1935; x_wconf 90' lang='lat' dir='ltr'><strong>sunt</strong></span> <span class='ocrx_word' id='word_1_138' title='bbox 2920 1891 3087 1958; x_wconf 86' lang='lat' dir='ltr'><strong>quae</strong></span> <span class='ocrx_word' id='word_1_139' title='bbox 3125 1866 3231 1934; x_wconf 92' lang='lat' dir='ltr'><strong>hic</strong></span> <span class='ocrx_word' id='word_1_140' title='bbox 3272 1866 3565 1958; x_wconf 85' lang='lat' dir='ltr'><strong>leguntur</strong></span> <span class='ocrx_word' id='word_1_141' title='bbox 3608 1891 3655 1932; x_wconf 82' lang='lat' dir='ltr'><strong>e</strong></span> 
     </span>
     <span class='ocr_line' id='line_1_15' title="bbox 383 1978 3653 2077; baseline -0.001 -26"><span class='ocrx_word' id='word_1_142' title='bbox 383 1985 766 2077; x_wconf 82' lang='lat' dir='ltr'><strong>praefatione</strong></span> <span class='ocrx_word' id='word_1_143' title='bbox 812 1983 1016 2072; x_wconf 84' lang='lat' dir='ltr'><strong>operis</strong></span> <span class='ocrx_word' id='word_1_144' title='bbox 1061 1979 1448 2064; x_wconf 89' lang='lat' dir='ltr'><strong>Leibnitiani,</strong></span> <span class='ocrx_word' id='word_1_145' title='bbox 1492 2003 1655 2048; x_wconf 90' lang='lat' dir='ltr'><strong>anno</strong></span> <span class='ocrx_word' id='word_1_146' title='bbox 1699 1978 2099 2047; x_wconf 89' lang='lat' dir='ltr'>MDCXClII</span> <span class='ocrx_word' id='word_1_147' title='bbox 2140 1985 2503 2072; x_wconf 85' lang='lat' dir='ltr'><strong>conscripti,</strong></span> <span class='ocrx_word' id='word_1_148' title='bbox 2565 1981 2859 2049; x_wconf 79' lang='lat' dir='ltr'><strong>»Codicis</strong></span> <span class='ocrx_word' id='word_1_149' title='bbox 2908 1984 3063 2075; x_wconf 87' lang='lat' dir='ltr'><strong>juris</strong></span> <span class='ocrx_word' id='word_1_150' title='bbox 3107 1985 3387 2074; x_wconf 88' lang='lat' dir='ltr'><strong>gentium</strong></span> <span class='ocrx_word' id='word_1_151' title='bbox 3444 1979 3653 2071; x_wconf 89' lang='lat' dir='ltr'><strong>diplo-</strong></span> 
     </span>
     <span class='ocr_line' id='line_1_16' title="bbox 383 2095 3647 2189; baseline -0.001 -23"><span class='ocrx_word' id='word_1_152' title='bbox 383 2099 646 2166; x_wconf 70' lang='lat' dir='ltr'><strong>matini..</strong></span> <span class='ocrx_word' id='word_1_153' title='bbox 717 2095 788 2166; x_wconf 90' lang='lat' dir='ltr'><strong>ln</strong></span> <span class='ocrx_word' id='word_1_154' title='bbox 829 2097 935 2166; x_wconf 89' lang='lat' dir='ltr'><strong>illa</strong></span> <span class='ocrx_word' id='word_1_155' title='bbox 977 2099 1358 2189; x_wconf 78' lang='lat' dir='ltr'><strong>praefatione</strong></span> <span class='ocrx_word' id='word_1_156' title='bbox 1398 2097 1605 2188; x_wconf 89' lang='lat' dir='ltr'><strong>primo</strong></span> <span class='ocrx_word' id='word_1_157' title='bbox 1661 2118 1803 2163; x_wconf 88' lang='lat' dir='ltr'><strong>eam</strong></span> <span class='ocrx_word' id='word_1_158' title='bbox 1846 2098 2058 2187; x_wconf 88' lang='lat' dir='ltr'><strong>posuit</strong></span> <span class='ocrx_word' id='word_1_159' title='bbox 2098 2100 2329 2164; x_wconf 88' lang='lat' dir='ltr'><strong>amoris</strong></span> <span class='ocrx_word' id='word_1_160' title='bbox 2374 2096 2815 2181; x_wconf 88' lang='lat' dir='ltr'><strong>definitionem,</strong></span> <span class='ocrx_word' id='word_1_161' title='bbox 2875 2120 3068 2189; x_wconf 91' lang='lat' dir='ltr'><strong>quam</strong></span> <span class='ocrx_word' id='word_1_162' title='bbox 3110 2099 3478 2189; x_wconf 88' lang='lat' dir='ltr'><strong>saepissime</strong></span> <span class='ocrx_word' id='word_1_163' title='bbox 3522 2119 3647 2189; x_wconf 90' lang='lat' dir='ltr'><strong>po-</strong></span> 
     </span>
     <span class='ocr_line' id='line_1_17' title="bbox 383 2209 2929 2303; baseline -0.001 -23"><span class='ocrx_word' id='word_1_164' title='bbox 383 2222 520 2281; x_wconf 89' lang='lat' dir='ltr'><strong>stea</strong></span> <span class='ocrx_word' id='word_1_165' title='bbox 561 2221 866 2301; x_wconf 85' lang='lat' dir='ltr'><strong>tanquam</strong></span> <span class='ocrx_word' id='word_1_166' title='bbox 909 2212 1094 2278; x_wconf 90' lang='lat' dir='ltr'><strong>unice</strong></span> <span class='ocrx_word' id='word_1_167' title='bbox 1136 2233 1355 2278; x_wconf 85' lang='lat' dir='ltr'><strong>veram</strong></span> <span class='ocrx_word' id='word_1_168' title='bbox 1399 2209 1791 2303; x_wconf 84' lang='lat' dir='ltr'><strong>eandemque</strong></span> <span class='ocrx_word' id='word_1_169' title='bbox 1835 2221 2195 2280; x_wconf 82' lang='lat' dir='ltr'><strong>accuratam</strong></span> <span class='ocrx_word' id='word_1_170' title='bbox 2239 2210 2495 2281; x_wconf 89' lang='lat' dir='ltr'><strong>laudare</strong></span> <span class='ocrx_word' id='word_1_171' title='bbox 2539 2213 2796 2281; x_wconf 86' lang='lat' dir='ltr'><strong>solebat.</strong></span> <span class='ocrx_word' id='word_1_172' title='bbox 2841 2253 2929 2264; x_wconf 92' lang='lat'><em>-</em></span> 
     </span>
    </p>

    <p class='ocr_par' dir='ltr' id='par_1_8' title="bbox 383 2324 3679 4261">
     <span class='ocr_line' id='line_1_18' title="bbox 559 2324 3655 2421; baseline 0.001 -27"><span class='ocrx_word' id='word_1_173' title='bbox 559 2324 834 2394; x_wconf 89' lang='lat' dir='ltr'>XXXlII</span> <span class='ocrx_word' id='word_1_174' title='bbox 875 2325 1197 2394; x_wconf 76' lang='lat' dir='ltr'><strong>Exti-ait</strong></span> <span class='ocrx_word' id='word_1_175' title='bbox 1239 2324 1466 2394; x_wconf 86' lang='lat' dir='ltr'><strong>d’une</strong></span> <span class='ocrx_word' id='word_1_176' title='bbox 1509 2325 1752 2396; x_wconf 90' lang='lat' dir='ltr'><strong>lettre</strong></span> <span class='ocrx_word' id='word_1_177' title='bbox 1797 2327 1836 2394; x_wconf 73' lang='lat' dir='ltr'><strong>a</strong></span> <span class='ocrx_word' id='word_1_178' title='bbox 1878 2326 2005 2395; x_wconf 90' lang='grc' dir='ltr'><strong>Μι·.</strong></span> <span class='ocrx_word' id='word_1_179' title='bbox 2048 2326 2296 2395; x_wconf 76' lang='lat' dir='ltr'><strong>l&#39;abbe</strong></span> <span class='ocrx_word' id='word_1_180' title='bbox 2338 2326 2667 2396; x_wconf 88' lang='lat' dir='ltr'><strong>Nicaise</strong></span> <span class='ocrx_word' id='word_1_181' title='bbox 2712 2352 2846 2396; x_wconf 86' lang='lat' dir='ltr'><strong>sur</strong></span> <span class='ocrx_word' id='word_1_182' title='bbox 2888 2326 2959 2396; x_wconf 87' lang='lat' dir='ltr'><strong>la</strong></span> <span class='ocrx_word' id='word_1_183' title='bbox 3004 2325 3509 2421; x_wconf 89' lang='lat' dir='ltr'><strong>philosophie</strong></span> <span class='ocrx_word' id='word_1_184' title='bbox 3552 2325 3655 2396; x_wconf 87' lang='lat' dir='ltr'><strong>de</strong></span> 
     </span>
     <span class='ocr_line' id='line_1_19' title="bbox 383 2439 3659 2536; baseline -0.001 -24"><span class='ocrx_word' id='word_1_185' title='bbox 383 2441 512 2512; x_wconf 82' lang='grc' dir='ltr'><strong>Μι·.</strong></span> <span class='ocrx_word' id='word_1_186' title='bbox 554 2442 1006 2511; x_wconf 87' lang='lat' dir='ltr'><strong>Descartes.</strong></span> <span class='ocrx_word' id='word_1_187' title='bbox 1094 2440 1190 2509; x_wconf 91' lang='lat' dir='ltr'><strong>Eo</strong></span> <span class='ocrx_word' id='word_1_188' title='bbox 1232 2443 1371 2534; x_wconf 85' lang='lat' dir='ltr'><strong>ipso</strong></span> <span class='ocrx_word' id='word_1_189' title='bbox 1419 2465 1611 2524; x_wconf 89' lang='lat' dir='ltr'><strong>anno,</strong></span> <span class='ocrx_word' id='word_1_190' title='bbox 1668 2465 1800 2532; x_wconf 90' lang='lat' dir='ltr'><strong>quo</strong></span> <span class='ocrx_word' id='word_1_191' title='bbox 1841 2439 2184 2512; x_wconf 90' lang='lat' dir='ltr'><strong>Leibnitius</strong></span> <span class='ocrx_word' id='word_1_192' title='bbox 2225 2443 2391 2512; x_wconf 91' lang='lat' dir='ltr'><strong>hanc</strong></span> <span class='ocrx_word' id='word_1_193' title='bbox 2435 2443 2515 2511; x_wconf 89' lang='lat' dir='ltr'><strong>ad</strong></span> <span class='ocrx_word' id='word_1_194' title='bbox 2556 2442 2885 2512; x_wconf 87' lang='lat' dir='ltr'><strong>Nicasium</strong></span> <span class='ocrx_word' id='word_1_195' title='bbox 2930 2443 3257 2536; x_wconf 89' lang='lat' dir='ltr'><strong>epistolam</strong></span> <span class='ocrx_word' id='word_1_196' title='bbox 3300 2445 3659 2535; x_wconf 87' lang='lat' dir='ltr'><strong>scripserat,</strong></span> 
     </span>
     <span class='ocr_line' id='line_1_20' title="bbox 383 2555 3659 2652; baseline -0.001 -24"><span class='ocrx_word' id='word_1_197' title='bbox 383 2558 489 2628; x_wconf 86' lang='lat' dir='ltr'><strong>illa</strong></span> <span class='ocrx_word' id='word_1_198' title='bbox 531 2556 724 2626; x_wconf 84' lang='lat' dir='ltr'><strong>verba</strong></span> <span class='ocrx_word' id='word_1_199' title='bbox 767 2580 932 2648; x_wconf 89' lang='lat' dir='ltr'><strong>quae</strong></span> <span class='ocrx_word' id='word_1_200' title='bbox 971 2559 1282 2648; x_wconf 83' lang='lat' dir='ltr'><strong>pertinent</strong></span> <span class='ocrx_word' id='word_1_201' title='bbox 1325 2555 1406 2624; x_wconf 90' lang='lat' dir='ltr'><strong>ad</strong></span> <span class='ocrx_word' id='word_1_202' title='bbox 1449 2556 1664 2624; x_wconf 88' lang='lat' dir='ltr'><strong>Huetii</strong></span> <span class='ocrx_word' id='word_1_203' title='bbox 1707 2556 2063 2626; x_wconf 89' lang='lat' dir='ltr'><strong>Censuram</strong></span> <span class='ocrx_word' id='word_1_204' title='bbox 2107 2557 2549 2652; x_wconf 89' lang='lat' dir='ltr'><strong>Philosophiae</strong></span> <span class='ocrx_word' id='word_1_205' title='bbox 2594 2559 3000 2628; x_wconf 87' lang='lat' dir='ltr'><strong>Cartesianae</strong></span> <span class='ocrx_word' id='word_1_206' title='bbox 3052 2563 3119 2628; x_wconf 91' lang='lat' dir='ltr'><strong>in</strong></span> <span class='ocrx_word' id='word_1_207' title='bbox 3160 2559 3380 2627; x_wconf 89' lang='lat' dir='ltr'><strong>Diario</strong></span> <span class='ocrx_word' id='word_1_208' title='bbox 3425 2558 3659 2651; x_wconf 87' lang='lat' dir='ltr'><strong>gallico</strong></span> 
     </span>
     <span class='ocr_line' id='line_1_21' title="bbox 384 2671 3663 2766; baseline -0 -24"><span class='ocrx_word' id='word_1_209' title='bbox 384 2676 553 2766; x_wconf 85' lang='lat' dir='ltr'><strong>typis</strong></span> <span class='ocrx_word' id='word_1_210' title='bbox 597 2695 892 2764; x_wconf 84' lang='lat' dir='ltr'><strong>expressa</strong></span> <span class='ocrx_word' id='word_1_211' title='bbox 935 2683 1099 2756; x_wconf 90' lang='lat' dir='ltr'><strong>sunt,</strong></span> <span class='ocrx_word' id='word_1_212' title='bbox 1145 2697 1184 2741; x_wconf 93' lang='lat' dir='ltr'><strong>e</strong></span> <span class='ocrx_word' id='word_1_213' title='bbox 1227 2696 1353 2764; x_wconf 92' lang='lat' dir='ltr'><strong>quo</strong></span> <span class='ocrx_word' id='word_1_214' title='bbox 1380 2671 1730 2740; x_wconf 90' lang='lat' dir='ltr'><strong>Dutensius</strong></span> <span class='ocrx_word' id='word_1_215' title='bbox 1771 2675 2081 2766; x_wconf 90' lang='lat' dir='ltr'><strong>recipiens</strong></span> <span class='ocrx_word' id='word_1_216' title='bbox 2126 2697 2201 2742; x_wconf 88' lang='lat' dir='ltr'><strong>ea</strong></span> <span class='ocrx_word' id='word_1_217' title='bbox 2247 2699 2394 2742; x_wconf 89' lang='lat' dir='ltr'><strong>cum</strong></span> <span class='ocrx_word' id='word_1_218' title='bbox 2440 2674 2707 2744; x_wconf 83' lang='lat' dir='ltr'><strong>editione</strong></span> <span class='ocrx_word' id='word_1_219' title='bbox 2748 2699 2865 2743; x_wconf 89' lang='lat' dir='ltr'><strong>sua</strong></span> <span class='ocrx_word' id='word_1_220' title='bbox 2906 2677 3379 2765; x_wconf 86' lang='lat' dir='ltr'><strong>concorporavit</strong></span> <span class='ocrx_word' id='word_1_221' title='bbox 3406 2673 3547 2743; x_wconf 91' lang='lat' dir='ltr'><strong>Vol.</strong></span> <span class='ocrx_word' id='word_1_222' title='bbox 3576 2673 3663 2758; x_wconf 86' lang='grc' dir='ltr'><strong>Π,</strong></span> 
     </span>
     <span class='ocr_line' id='line_1_22' title="bbox 388 2785 3665 2883; baseline 0.001 -25"><span class='ocrx_word' id='word_1_223' title='bbox 388 2793 449 2858; x_wconf 93' lang='grc'><strong>1.</strong></span> <span class='ocrx_word' id='word_1_224' title='bbox 494 2813 554 2882; x_wconf 92' lang='lat' dir='ltr'><strong>p.</strong></span> <span class='ocrx_word' id='word_1_225' title='bbox 599 2788 750 2856; x_wconf 78' lang='lat'><strong>243.</strong></span> <span class='ocrx_word' id='word_1_226' title='bbox 837 2787 938 2855; x_wconf 85' lang='lat' dir='ltr'><strong>Ex</strong></span> <span class='ocrx_word' id='word_1_227' title='bbox 981 2785 1205 2854; x_wconf 88' lang='lat' dir='ltr'><strong>eodem</strong></span> <span class='ocrx_word' id='word_1_228' title='bbox 1249 2790 1420 2856; x_wconf 85' lang='lat' dir='ltr'><strong>fonte</strong></span> <span class='ocrx_word' id='word_1_229' title='bbox 1465 2809 1583 2880; x_wconf 88' lang='lat' dir='ltr'><strong>ego</strong></span> <span class='ocrx_word' id='word_1_230' title='bbox 1628 2786 1828 2855; x_wconf 89' lang='lat' dir='ltr'><strong>hausi.</strong></span> <span class='ocrx_word' id='word_1_231' title='bbox 1903 2789 2121 2874; x_wconf 85' lang='lat' dir='ltr'><strong>Quum</strong></span> <span class='ocrx_word' id='word_1_232' title='bbox 2162 2792 2228 2858; x_wconf 91' lang='lat' dir='ltr'><strong>in</strong></span> <span class='ocrx_word' id='word_1_233' title='bbox 2271 2813 2416 2858; x_wconf 91' lang='lat' dir='ltr'><strong>mea</strong></span> <span class='ocrx_word' id='word_1_234' title='bbox 2462 2788 2729 2858; x_wconf 86' lang='lat' dir='ltr'><strong>editione</strong></span> <span class='ocrx_word' id='word_1_235' title='bbox 2765 2794 2898 2883; x_wconf 90' lang='lat' dir='ltr'><strong>jam</strong></span> <span class='ocrx_word' id='word_1_236' title='bbox 2938 2793 3244 2880; x_wconf 89' lang='lat' dir='ltr'><strong>impressa</strong></span> <span class='ocrx_word' id='word_1_237' title='bbox 3286 2799 3491 2857; x_wconf 87' lang='lat' dir='ltr'><strong>essent</strong></span> <span class='ocrx_word' id='word_1_238' title='bbox 3541 2789 3665 2862; x_wconf 87' lang='lat' dir='ltr'><strong>illa</strong></span> 
     </span>
     <span class='ocr_line' id='line_1_23' title="bbox 385 2897 3665 3000; baseline 0.001 -27"><span class='ocrx_word' id='word_1_239' title='bbox 385 2903 578 2973; x_wconf 82' lang='lat' dir='ltr'><strong>verba</strong></span> <span class='ocrx_word' id='word_1_240' title='bbox 595 2956 614 2988; x_wconf 94' lang='lat'><strong>,</strong></span> <span class='ocrx_word' id='word_1_241' title='bbox 659 2901 823 2973; x_wconf 88' lang='lat' dir='ltr'><strong>edita</strong></span> <span class='ocrx_word' id='word_1_242' title='bbox 868 2912 1014 2971; x_wconf 90' lang='lat' dir='ltr'><strong>sunt</strong></span> <span class='ocrx_word' id='word_1_243' title='bbox 1055 2900 1131 2970; x_wconf 87' lang='lat' dir='ltr'><strong>cl.</strong></span> <span class='ocrx_word' id='word_1_244' title='bbox 1177 2901 1441 2971; x_wconf 91' lang='lat' dir='ltr'><strong>Cousini</strong></span> <span class='ocrx_word' id='word_1_245' title='bbox 1481 2905 1832 2995; x_wconf 82' lang='lat' dir='ltr'><strong>fragmenta</strong></span> <span class='ocrx_word' id='word_1_246' title='bbox 1877 2903 2337 3000; x_wconf 88' lang='lat' dir='ltr'><strong>philosophica,</strong></span> <span class='ocrx_word' id='word_1_247' title='bbox 2398 2931 2561 2998; x_wconf 90' lang='lat' dir='ltr'><strong>quae</strong></span> <span class='ocrx_word' id='word_1_248' title='bbox 2612 2909 2679 2975; x_wconf 90' lang='lat' dir='ltr'><strong>in</strong></span> <span class='ocrx_word' id='word_1_249' title='bbox 2723 2897 3041 2974; x_wconf 84' lang='lat' dir='ltr'><strong>volumine</strong></span> <span class='ocrx_word' id='word_1_250' title='bbox 3084 2902 3359 2971; x_wconf 89' lang='lat' dir='ltr'><strong>secundo</strong></span> <span class='ocrx_word' id='word_1_251' title='bbox 3401 2914 3665 2996; x_wconf 86' lang='lat' dir='ltr'><strong>praeter</strong></span> 
     </span>
     <span class='ocr_line' id='line_1_24' title="bbox 384 3017 3665 3114; baseline 0.001 -26"><span class='ocrx_word' id='word_1_252' title='bbox 384 3020 540 3089; x_wconf 85' lang='lat' dir='ltr'><strong>alias</strong></span> <span class='ocrx_word' id='word_1_253' title='bbox 560 3018 844 3088; x_wconf 91' lang='lat' dir='ltr'><strong>Leibnitii</strong></span> <span class='ocrx_word' id='word_1_254' title='bbox 888 3017 968 3086; x_wconf 89' lang='lat' dir='ltr'><strong>ad</strong></span> <span class='ocrx_word' id='word_1_255' title='bbox 1009 3018 1334 3086; x_wconf 89' lang='lat' dir='ltr'><strong>Nicasium</strong></span> <span class='ocrx_word' id='word_1_256' title='bbox 1379 3019 1690 3112; x_wconf 89' lang='lat' dir='ltr'><strong>epistolas,</strong></span> <span class='ocrx_word' id='word_1_257' title='bbox 1734 3019 1900 3087; x_wconf 85' lang='lat' dir='ltr'><strong>hanc</strong></span> <span class='ocrx_word' id='word_1_258' title='bbox 1944 3024 2134 3088; x_wconf 90' lang='lat' dir='ltr'><strong>etiam</strong></span> <span class='ocrx_word' id='word_1_259' title='bbox 2179 3020 2491 3103; x_wconf 88' lang='lat' dir='ltr'><strong>exhibent,</strong></span> <span class='ocrx_word' id='word_1_260' title='bbox 2536 3046 2807 3114; x_wconf 86' lang='lat' dir='ltr'><strong>eamque</strong></span> <span class='ocrx_word' id='word_1_261' title='bbox 2844 3024 3154 3112; x_wconf 85' lang='lat' dir='ltr'><strong>integram</strong></span> <span class='ocrx_word' id='word_1_262' title='bbox 3194 3021 3379 3086; x_wconf 89' lang='lat' dir='ltr'><strong>sicuti</strong></span> <span class='ocrx_word' id='word_1_263' title='bbox 3418 3022 3665 3111; x_wconf 87' lang='lat' dir='ltr'><strong>scripta</strong></span> 
     </span>
     <span class='ocr_line' id='line_1_25' title="bbox 389 3131 3667 3231; baseline 0.001 -28"><span class='ocrx_word' id='word_1_264' title='bbox 389 3144 484 3203; x_wconf 88' lang='lat' dir='ltr'><strong>est</strong></span> <span class='ocrx_word' id='word_1_265' title='bbox 529 3156 566 3200; x_wconf 86' lang='lat' dir='ltr'><strong>a</strong></span> <span class='ocrx_word' id='word_1_266' title='bbox 609 3131 918 3201; x_wconf 89' lang='lat' dir='ltr'><strong>Leibnitio</strong></span> <span class='ocrx_word' id='word_1_267' title='bbox 962 3134 1142 3201; x_wconf 91' lang='lat' dir='ltr'><strong>nobis</strong></span> <span class='ocrx_word' id='word_1_268' title='bbox 1188 3137 1470 3203; x_wconf 82' lang='lat' dir='ltr'><strong>offerunt.</strong></span> <span class='ocrx_word' id='word_1_269' title='bbox 1561 3134 1751 3221; x_wconf 86' lang='lat' dir='ltr'><strong>Quod</strong></span> <span class='ocrx_word' id='word_1_270' title='bbox 1793 3138 1848 3203; x_wconf 86' lang='lat' dir='ltr'><strong>si</strong></span> <span class='ocrx_word' id='word_1_271' title='bbox 1889 3134 2042 3203; x_wconf 88' lang='lat' dir='ltr'><strong>illud</strong></span> <span class='ocrx_word' id='word_1_272' title='bbox 2082 3138 2201 3205; x_wconf 83' lang='lat' dir='ltr'><strong>viri</strong></span> <span class='ocrx_word' id='word_1_273' title='bbox 2241 3136 2566 3205; x_wconf 88' lang='lat' dir='ltr'><strong>clarissimi</strong></span> <span class='ocrx_word' id='word_1_274' title='bbox 2608 3161 2767 3231; x_wconf 88' lang='lat' dir='ltr'><strong>opus</strong></span> <span class='ocrx_word' id='word_1_275' title='bbox 2808 3140 2874 3204; x_wconf 92' lang='lat' dir='ltr'><strong>in</strong></span> <span class='ocrx_word' id='word_1_276' title='bbox 2917 3158 3143 3203; x_wconf 84' lang='lat' dir='ltr'><strong>manus</strong></span> <span class='ocrx_word' id='word_1_277' title='bbox 3185 3134 3341 3203; x_wconf 90' lang='lat' dir='ltr'><strong>mihi</strong></span> <span class='ocrx_word' id='word_1_278' title='bbox 3376 3137 3667 3205; x_wconf 85' lang='lat' dir='ltr'><strong>venisset</strong></span> 
     </span>
     <span class='ocr_line' id='line_1_26' title="bbox 385 3246 3665 3343; baseline 0 -26"><span class='ocrx_word' id='word_1_279' title='bbox 385 3249 753 3343; x_wconf 81' lang='lat' dir='ltr'><strong>priusquam</strong></span> <span class='ocrx_word' id='word_1_280' title='bbox 807 3246 910 3315; x_wconf 91' lang='lat' dir='ltr'><strong>hic</strong></span> <span class='ocrx_word' id='word_1_281' title='bbox 965 3248 1260 3316; x_wconf 83' lang='lat' dir='ltr'><strong>articulus</strong></span> <span class='ocrx_word' id='word_1_282' title='bbox 1313 3252 1482 3340; x_wconf 85' lang='lat' dir='ltr'><strong>typis</strong></span> <span class='ocrx_word' id='word_1_283' title='bbox 1525 3250 1963 3335; x_wconf 86' lang='lat' dir='ltr'><strong>excuderetur,</strong></span> <span class='ocrx_word' id='word_1_284' title='bbox 2018 3274 2147 3319; x_wconf 91' lang='lat' dir='ltr'><strong>non</strong></span> <span class='ocrx_word' id='word_1_285' title='bbox 2190 3251 2405 3319; x_wconf 84' lang='lat' dir='ltr'><strong>dubito</strong></span> <span class='ocrx_word' id='word_1_286' title='bbox 2462 3254 2613 3343; x_wconf 88' lang='lat' dir='ltr'><strong>quin</strong></span> <span class='ocrx_word' id='word_1_287' title='bbox 2652 3255 2961 3343; x_wconf 85' lang='lat' dir='ltr'><strong>integram</strong></span> <span class='ocrx_word' id='word_1_288' title='bbox 3004 3250 3332 3343; x_wconf 84' lang='lat' dir='ltr'><strong>epistolam</strong></span> <span class='ocrx_word' id='word_1_289' title='bbox 3372 3253 3665 3341; x_wconf 89' lang='lat' dir='ltr'><strong>recepis-</strong></span> 
     </span>
     <span class='ocr_line' id='line_1_27' title="bbox 388 3362 3665 3459; baseline 0.001 -27"><span class='ocrx_word' id='word_1_290' title='bbox 388 3388 543 3433; x_wconf 85' lang='lat' dir='ltr'><strong>sem.</strong></span> <span class='ocrx_word' id='word_1_291' title='bbox 615 3362 832 3450; x_wconf 88' lang='lat' dir='ltr'><strong>Quum</strong></span> <span class='ocrx_word' id='word_1_292' title='bbox 861 3386 1012 3430; x_wconf 88' lang='lat' dir='ltr'><strong>vero</strong></span> <span class='ocrx_word' id='word_1_293' title='bbox 1053 3362 1213 3432; x_wconf 90' lang='lat' dir='ltr'><strong>haec</strong></span> <span class='ocrx_word' id='word_1_294' title='bbox 1251 3363 1512 3457; x_wconf 88' lang='lat' dir='ltr'><strong>epistola</strong></span> <span class='ocrx_word' id='word_1_295' title='bbox 1555 3376 1801 3459; x_wconf 89' lang='lat' dir='ltr'><strong>praeter</strong></span> <span class='ocrx_word' id='word_1_296' title='bbox 1841 3366 1948 3434; x_wconf 90' lang='lat' dir='ltr'><strong>illa</strong></span> <span class='ocrx_word' id='word_1_297' title='bbox 1977 3365 2169 3434; x_wconf 88' lang='lat' dir='ltr'><strong>verba</strong></span> <span class='ocrx_word' id='word_1_298' title='bbox 2214 3366 2465 3436; x_wconf 89' lang='lat' dir='ltr'><strong>editioni</strong></span> <span class='ocrx_word' id='word_1_299' title='bbox 2506 3378 2759 3435; x_wconf 86' lang='lat' dir='ltr'><strong>nostrae</strong></span> <span class='ocrx_word' id='word_1_300' title='bbox 2798 3368 3030 3435; x_wconf 87' lang='lat' dir='ltr'><strong>inserta</strong></span> <span class='ocrx_word' id='word_1_301' title='bbox 3073 3364 3229 3433; x_wconf 89' lang='lat' dir='ltr'><strong>nihil</strong></span> <span class='ocrx_word' id='word_1_302' title='bbox 3266 3364 3451 3457; x_wconf 89' lang='lat' dir='ltr'><strong>plane</strong></span> <span class='ocrx_word' id='word_1_303' title='bbox 3494 3388 3665 3435; x_wconf 89' lang='lat' dir='ltr'><strong>con-</strong></span> 
     </span>
     <span class='ocr_line' id='line_1_28' title="bbox 386 3477 3669 3572; baseline 0.001 -25"><span class='ocrx_word' id='word_1_304' title='bbox 386 3481 580 3547; x_wconf 89' lang='lat' dir='ltr'><strong>tineat</strong></span> <span class='ocrx_word' id='word_1_305' title='bbox 622 3479 974 3568; x_wconf 85' lang='lat' dir='ltr'><strong>argumenti</strong></span> <span class='ocrx_word' id='word_1_306' title='bbox 1015 3477 1456 3571; x_wconf 89' lang='lat' dir='ltr'><strong>philosophici,</strong></span> <span class='ocrx_word' id='word_1_307' title='bbox 1500 3480 1614 3549; x_wconf 89' lang='lat' dir='ltr'><strong>sed</strong></span> <span class='ocrx_word' id='word_1_308' title='bbox 1657 3492 1789 3549; x_wconf 86' lang='lat' dir='ltr'><strong>tota</strong></span> <span class='ocrx_word' id='word_1_309' title='bbox 1833 3484 1913 3550; x_wconf 87' lang='lat' dir='ltr'><strong>sit</strong></span> <span class='ocrx_word' id='word_1_310' title='bbox 1957 3481 2037 3549; x_wconf 93' lang='lat' dir='ltr'><strong>de</strong></span> <span class='ocrx_word' id='word_1_311' title='bbox 2076 3480 2241 3549; x_wconf 89' lang='lat' dir='ltr'><strong>illius</strong></span> <span class='ocrx_word' id='word_1_312' title='bbox 2284 3483 2585 3572; x_wconf 87' lang='lat' dir='ltr'><strong>temporis</strong></span> <span class='ocrx_word' id='word_1_313' title='bbox 2624 3483 2889 3549; x_wconf 84' lang='lat' dir='ltr'><strong>inventis</strong></span> <span class='ocrx_word' id='word_1_314' title='bbox 2904 3532 2923 3564; x_wconf 90' lang='lat'><strong>,</strong></span> <span class='ocrx_word' id='word_1_315' title='bbox 2966 3478 3047 3548; x_wconf 88' lang='lat' dir='ltr'><strong>de</strong></span> <span class='ocrx_word' id='word_1_316' title='bbox 3086 3480 3254 3547; x_wconf 90' lang='lat' dir='ltr'><strong>libris</strong></span> <span class='ocrx_word' id='word_1_317' title='bbox 3294 3482 3669 3571; x_wconf 87' lang='lat' dir='ltr'><strong>nuperrime</strong></span> 
     </span>
     <span class='ocr_line' id='line_1_29' title="bbox 390 3591 3668 3685; baseline 0.001 -23"><span class='ocrx_word' id='word_1_318' title='bbox 390 3592 589 3676; x_wconf 76' lang='lat' dir='ltr'><strong>editiS,</strong></span> <span class='ocrx_word' id='word_1_319' title='bbox 634 3591 736 3661; x_wconf 81' lang='lat' dir='ltr'><strong>vel</strong></span> <span class='ocrx_word' id='word_1_320' title='bbox 782 3592 1050 3684; x_wconf 89' lang='lat' dir='ltr'><strong>denique</strong></span> <span class='ocrx_word' id='word_1_321' title='bbox 1093 3593 1171 3661; x_wconf 90' lang='lat' dir='ltr'><strong>de</strong></span> <span class='ocrx_word' id='word_1_322' title='bbox 1193 3595 1338 3661; x_wconf 81' lang='lat' dir='ltr'><strong>viris</strong></span> <span class='ocrx_word' id='word_1_323' title='bbox 1383 3594 1582 3663; x_wconf 89' lang='lat' dir='ltr'><strong>doctis</strong></span> <span class='ocrx_word' id='word_1_324' title='bbox 1614 3596 1870 3679; x_wconf 88' lang='lat' dir='ltr'><strong>Galliae,</strong></span> <span class='ocrx_word' id='word_1_325' title='bbox 1916 3596 2251 3666; x_wconf 86' lang='lat' dir='ltr'><strong>editionem</strong></span> <span class='ocrx_word' id='word_1_326' title='bbox 2296 3595 2737 3665; x_wconf 86' lang='lat' dir='ltr'><strong>detrimentum</strong></span> <span class='ocrx_word' id='word_1_327' title='bbox 2781 3600 3022 3685; x_wconf 87' lang='lat' dir='ltr'><strong>cepisse</strong></span> <span class='ocrx_word' id='word_1_328' title='bbox 3062 3616 3191 3663; x_wconf 90' lang='lat' dir='ltr'><strong>non</strong></span> <span class='ocrx_word' id='word_1_329' title='bbox 3232 3594 3437 3662; x_wconf 87' lang='lat' dir='ltr'><strong>credo.</strong></span> <span class='ocrx_word' id='word_1_330' title='bbox 3518 3594 3668 3665; x_wconf 89' lang='lat' dir='ltr'><strong>Ce-</strong></span> 
     </span>
     <span class='ocr_line' id='line_1_30' title="bbox 389 3708 3671 3803; baseline 0.002 -28"><span class='ocrx_word' id='word_1_331' title='bbox 389 3718 597 3777; x_wconf 86' lang='lat' dir='ltr'><strong>terum</strong></span> <span class='ocrx_word' id='word_1_332' title='bbox 652 3717 817 3775; x_wconf 85' lang='lat' dir='ltr'><strong>errat</strong></span> <span class='ocrx_word' id='word_1_333' title='bbox 870 3708 946 3776; x_wconf 85' lang='lat' dir='ltr'><strong>cl.</strong></span> <span class='ocrx_word' id='word_1_334' title='bbox 993 3708 1310 3777; x_wconf 87' lang='lat' dir='ltr'><strong>Cousinus</strong></span> <span class='ocrx_word' id='word_1_335' title='bbox 1367 3732 1516 3777; x_wconf 87' lang='lat' dir='ltr'><strong>cum</strong></span> <span class='ocrx_word' id='word_1_336' title='bbox 1557 3722 1766 3802; x_wconf 86' lang='lat' dir='ltr'><strong>putat,</strong></span> <span class='ocrx_word' id='word_1_337' title='bbox 1826 3736 1903 3781; x_wconf 90' lang='lat' dir='ltr'><strong>ea</strong></span> <span class='ocrx_word' id='word_1_338' title='bbox 1962 3735 2126 3803; x_wconf 89' lang='lat' dir='ltr'><strong>quae</strong></span> <span class='ocrx_word' id='word_1_339' title='bbox 2182 3711 2349 3803; x_wconf 89' lang='lat' dir='ltr'><strong>apud</strong></span> <span class='ocrx_word' id='word_1_340' title='bbox 2390 3711 2773 3779; x_wconf 88' lang='lat' dir='ltr'><strong>Dutensium</strong></span> <span class='ocrx_word' id='word_1_341' title='bbox 2816 3710 3121 3802; x_wconf 85' lang='lat' dir='ltr'><strong>legantur,</strong></span> <span class='ocrx_word' id='word_1_342' title='bbox 3162 3711 3229 3777; x_wconf 92' lang='lat' dir='ltr'><strong>in</strong></span> <span class='ocrx_word' id='word_1_343' title='bbox 3272 3709 3413 3778; x_wconf 91' lang='lat' dir='ltr'><strong>Vol.</strong></span> <span class='ocrx_word' id='word_1_344' title='bbox 3459 3712 3543 3793; x_wconf 89' lang='lat' dir='ltr'><strong>V,</strong></span> <span class='ocrx_word' id='word_1_345' title='bbox 3598 3725 3671 3781; x_wconf 86' lang='lat' dir='ltr'><strong>et</strong></span> 
     </span>
     <span class='ocr_line' id='line_1_31' title="bbox 391 3823 3671 3921; baseline 0.001 -30"><span class='ocrx_word' id='word_1_346' title='bbox 391 3846 556 3921; x_wconf 84' lang='lat' dir='ltr'><strong>quae</strong></span> <span class='ocrx_word' id='word_1_347' title='bbox 599 3832 896 3913; x_wconf 86' lang='lat' dir='ltr'><strong>excerpta</strong></span> <span class='ocrx_word' id='word_1_348' title='bbox 939 3825 1062 3890; x_wconf 88' lang='lat' dir='ltr'><strong>sint</strong></span> <span class='ocrx_word' id='word_1_349' title='bbox 1107 3847 1184 3892; x_wconf 84' lang='lat' dir='ltr'><strong>ex</strong></span> <span class='ocrx_word' id='word_1_350' title='bbox 1229 3823 1492 3916; x_wconf 86' lang='lat' dir='ltr'><strong>epistola</strong></span> <span class='ocrx_word' id='word_1_351' title='bbox 1535 3827 1614 3894; x_wconf 88' lang='lat' dir='ltr'><strong>ad</strong></span> <span class='ocrx_word' id='word_1_352' title='bbox 1661 3831 1937 3895; x_wconf 90' lang='lat' dir='ltr'><strong>amicum</strong></span> <span class='ocrx_word' id='word_1_353' title='bbox 1997 3826 2309 3919; x_wconf 87' lang='lat' dir='ltr'><strong>quendam</strong></span> <span class='ocrx_word' id='word_1_354' title='bbox 2351 3825 2589 3894; x_wconf 87' lang='lat' dir='ltr'><strong>Nicasii</strong></span> <span class='ocrx_word' id='word_1_355' title='bbox 2630 3827 2841 3908; x_wconf 90' lang='lat' dir='ltr'><strong>missa,</strong></span> <span class='ocrx_word' id='word_1_356' title='bbox 2898 3827 3118 3894; x_wconf 89' lang='lat' dir='ltr'><strong>eadem</strong></span> <span class='ocrx_word' id='word_1_357' title='bbox 3161 3848 3305 3893; x_wconf 89' lang='lat' dir='ltr'><strong>esse</strong></span> <span class='ocrx_word' id='word_1_358' title='bbox 3344 3846 3493 3893; x_wconf 90' lang='lat' dir='ltr'><strong>cum</strong></span> <span class='ocrx_word' id='word_1_359' title='bbox 3538 3824 3671 3895; x_wconf 83' lang='lat' dir='ltr'><strong>his.</strong></span> 
     </span>
     <span class='ocr_line' id='line_1_32' title="bbox 389 3922 3677 4033; baseline 0.002 -28"><span class='ocrx_word' id='word_1_360' title='bbox 389 3922 641 4005; x_wconf 87' lang='lat' dir='ltr'><strong>Etenim</strong></span> <span class='ocrx_word' id='word_1_361' title='bbox 683 3938 981 4006; x_wconf 87' lang='lat' dir='ltr'><strong>nonnulla</strong></span> <span class='ocrx_word' id='word_1_362' title='bbox 1026 3949 1271 4007; x_wconf 87' lang='lat' dir='ltr'><strong>tantum</strong></span> <span class='ocrx_word' id='word_1_363' title='bbox 1315 3941 1508 4009; x_wconf 86' lang='lat' dir='ltr'><strong>verba</strong></span> <span class='ocrx_word' id='word_1_364' title='bbox 1553 3944 1778 4011; x_wconf 87' lang='lat' dir='ltr'><strong>similia</strong></span> <span class='ocrx_word' id='word_1_365' title='bbox 1821 3952 1983 4023; x_wconf 88' lang='lat' dir='ltr'><strong>sunt,</strong></span> <span class='ocrx_word' id='word_1_366' title='bbox 2029 3941 2197 4032; x_wconf 90' lang='lat' dir='ltr'><strong>quod</strong></span> <span class='ocrx_word' id='word_1_367' title='bbox 2240 3964 2393 4007; x_wconf 89' lang='lat' dir='ltr'><strong>sane</strong></span> <span class='ocrx_word' id='word_1_368' title='bbox 2434 3964 2562 4008; x_wconf 91' lang='lat' dir='ltr'><strong>non</strong></span> <span class='ocrx_word' id='word_1_369' title='bbox 2605 3940 2979 4023; x_wconf 88' lang='lat' dir='ltr'><strong>mirandum,</strong></span> <span class='ocrx_word' id='word_1_370' title='bbox 3022 3962 3171 4008; x_wconf 90' lang='lat' dir='ltr'><strong>cum</strong></span> <span class='ocrx_word' id='word_1_371' title='bbox 3212 3951 3677 4033; x_wconf 86' lang='lat' dir='ltr'><strong>argumentum</strong></span> 
     </span>
     <span class='ocr_line' id='line_1_33' title="bbox 391 4051 3679 4148; baseline 0.002 -28"><span class='ocrx_word' id='word_1_372' title='bbox 391 4051 559 4120; x_wconf 87' lang='lat' dir='ltr'><strong>idem</strong></span> <span class='ocrx_word' id='word_1_373' title='bbox 604 4054 699 4119; x_wconf 86' lang='lat' dir='ltr'><strong>sit.</strong></span> <span class='ocrx_word' id='word_1_374' title='bbox 789 4052 1206 4122; x_wconf 86' lang='lat' dir='ltr'><strong>Indicavimus</strong></span> <span class='ocrx_word' id='word_1_375' title='bbox 1251 4055 1442 4123; x_wconf 87' lang='lat' dir='ltr'><strong>modo</strong></span> <span class='ocrx_word' id='word_1_376' title='bbox 1487 4081 1709 4124; x_wconf 86' lang='lat' dir='ltr'><strong>verum</strong></span> <span class='ocrx_word' id='word_1_377' title='bbox 1755 4055 1923 4147; x_wconf 87' lang='lat' dir='ltr'><strong>apud</strong></span> <span class='ocrx_word' id='word_1_378' title='bbox 1965 4055 2350 4122; x_wconf 88' lang='lat' dir='ltr'><strong>Dutensium</strong></span> <span class='ocrx_word' id='word_1_379' title='bbox 2394 4054 2634 4140; x_wconf 91' lang='lat' dir='ltr'><strong>locum,</strong></span> <span class='ocrx_word' id='word_1_380' title='bbox 2690 4080 2817 4148; x_wconf 88' lang='lat' dir='ltr'><strong>quo</strong></span> <span class='ocrx_word' id='word_1_381' title='bbox 2863 4078 3026 4148; x_wconf 86' lang='lat' dir='ltr'><strong>quae</strong></span> <span class='ocrx_word' id='word_1_382' title='bbox 3082 4056 3162 4123; x_wconf 91' lang='lat' dir='ltr'><strong>ad</strong></span> <span class='ocrx_word' id='word_1_383' title='bbox 3204 4054 3533 4124; x_wconf 86' lang='lat' dir='ltr'><strong>Nicasium</strong></span> <span class='ocrx_word' id='word_1_384' title='bbox 3584 4060 3679 4129; x_wconf 86' lang='lat' dir='ltr'><strong>de</strong></span> 
     </span>
     <span class='ocr_line' id='line_1_34' title="bbox 393 4164 2182 4261; baseline 0 -28"><span class='ocrx_word' id='word_1_385' title='bbox 393 4164 515 4233; x_wconf 85' lang='lat' dir='ltr'><strong>hac</strong></span> <span class='ocrx_word' id='word_1_386' title='bbox 557 4190 627 4234; x_wconf 92' lang='lat' dir='ltr'><strong>re</strong></span> <span class='ocrx_word' id='word_1_387' title='bbox 671 4170 1002 4255; x_wconf 87' lang='lat' dir='ltr'><strong>scripserat</strong></span> <span class='ocrx_word' id='word_1_388' title='bbox 1043 4180 1276 4252; x_wconf 87' lang='lat' dir='ltr'><strong>noster,</strong></span> <span class='ocrx_word' id='word_1_389' title='bbox 1315 4169 1462 4238; x_wconf 89' lang='lat' dir='ltr'><strong>licet</strong></span> <span class='ocrx_word' id='word_1_390' title='bbox 1491 4170 1831 4253; x_wconf 88' lang='lat' dir='ltr'><strong>decurtata,</strong></span> <span class='ocrx_word' id='word_1_391' title='bbox 1872 4170 2182 4261; x_wconf 87' lang='lat' dir='ltr'><strong>leguntur.</strong></span> 
     </span>
    </p>

    <p class='ocr_par' dir='ltr' id='par_1_9' title="bbox 399 4279 3679 4606">
     <span class='ocr_line' id='line_1_35' title="bbox 575 4279 3677 4376; baseline 0.004 -29"><span class='ocrx_word' id='word_1_392' title='bbox 575 4279 875 4351; x_wconf 87' lang='lat' dir='ltr'>XXXIV.</span> <span class='ocrx_word' id='word_1_393' title='bbox 932 4282 1051 4350; x_wconf 91' lang='lat' dir='ltr'><strong>De</strong></span> <span class='ocrx_word' id='word_1_394' title='bbox 1096 4286 1390 4375; x_wconf 89' lang='lat' dir='ltr'><strong>primae</strong></span> <span class='ocrx_word' id='word_1_395' title='bbox 1435 4283 1987 4376; x_wconf 88' lang='lat' dir='ltr'><strong>philosophiae</strong></span> <span class='ocrx_word' id='word_1_396' title='bbox 2032 4283 2583 4353; x_wconf 88' lang='lat' dir='ltr'><strong>emendatione</strong></span> <span class='ocrx_word' id='word_1_397' title='bbox 2640 4296 2718 4353; x_wconf 90' lang='lat' dir='ltr'><strong>et</strong></span> <span class='ocrx_word' id='word_1_398' title='bbox 2772 4284 2862 4353; x_wconf 92' lang='lat' dir='ltr'><strong>de</strong></span> <span class='ocrx_word' id='word_1_399' title='bbox 2904 4288 3230 4355; x_wconf 86' lang='lat' dir='ltr'><strong>notione</strong></span> <span class='ocrx_word' id='word_1_400' title='bbox 3272 4288 3677 4361; x_wconf 85' lang='lat' dir='ltr'><strong>substan-</strong></span> 
     </span>
     <span class='ocr_line' id='line_1_36' title="bbox 399 4397 3679 4493; baseline 0.003 -30"><span class='ocrx_word' id='word_1_401' title='bbox 399 4398 589 4479; x_wconf 88' lang='lat' dir='ltr'><strong>tiae,</strong></span> <span class='ocrx_word' id='word_1_402' title='bbox 645 4406 948 4465; x_wconf 85' lang='lat' dir='ltr'><strong>tractatus</strong></span> <span class='ocrx_word' id='word_1_403' title='bbox 999 4399 1065 4465; x_wconf 92' lang='lat' dir='ltr'><strong>in</strong></span> <span class='ocrx_word' id='word_1_404' title='bbox 1119 4399 1290 4465; x_wconf 87' lang='lat' dir='ltr'><strong>Actis</strong></span> <span class='ocrx_word' id='word_1_405' title='bbox 1347 4397 1751 4467; x_wconf 89' lang='lat' dir='ltr'><strong>Eruditorum</strong></span> <span class='ocrx_word' id='word_1_406' title='bbox 1805 4398 2226 4491; x_wconf 89' lang='lat' dir='ltr'><strong>Lipsiensium</strong></span> <span class='ocrx_word' id='word_1_407' title='bbox 2282 4425 2453 4469; x_wconf 89' lang='lat' dir='ltr'><strong>anno</strong></span> <span class='ocrx_word' id='word_1_408' title='bbox 2508 4398 2921 4469; x_wconf 84' lang='lat' dir='ltr'>MDCXCIV</span> <span class='ocrx_word' id='word_1_409' title='bbox 2974 4404 3249 4493; x_wconf 89' lang='lat' dir='ltr'><strong>primum</strong></span> <span class='ocrx_word' id='word_1_410' title='bbox 3304 4402 3542 4488; x_wconf 75' lang='lat' dir='ltr'><strong>editus,</strong></span> <span class='ocrx_word' id='word_1_411' title='bbox 3604 4412 3679 4478; x_wconf 88' lang='lat' dir='ltr'><strong>in</strong></span> 
     </span>
     <span class='ocr_line' id='line_1_37' title="bbox 400 4509 1522 4606; baseline 0.002 -28"><span class='ocrx_word' id='word_1_412' title='bbox 400 4509 693 4579; x_wconf 87' lang='lat' dir='ltr'><strong>Dutensii</strong></span> <span class='ocrx_word' id='word_1_413' title='bbox 735 4510 1168 4580; x_wconf 87' lang='lat' dir='ltr'><strong>collectionem</strong></span> <span class='ocrx_word' id='word_1_414' title='bbox 1209 4524 1522 4606; x_wconf 87' lang='lat' dir='ltr'><strong>receptus.</strong></span> 
     </span>
    </p>

    <p class='ocr_par' dir='ltr' id='par_1_10' title="bbox 403 4622 3689 5067">
     <span class='ocr_line' id='line_1_38' title="bbox 577 4622 3685 4723; baseline 0.005 -32"><span class='ocrx_word' id='word_1_415' title='bbox 577 4622 852 4694; x_wconf 90' lang='lat' dir='ltr'>XXXV.</span> <span class='ocrx_word' id='word_1_416' title='bbox 908 4626 1177 4696; x_wconf 87' lang='lat' dir='ltr'><strong>Lettre</strong></span> <span class='ocrx_word' id='word_1_417' title='bbox 1233 4628 1272 4695; x_wconf 70' lang='lat' dir='ltr'><strong>a</strong></span> <span class='ocrx_word' id='word_1_418' title='bbox 1317 4652 1415 4696; x_wconf 91' lang='lat' dir='ltr'><strong>un</strong></span> <span class='ocrx_word' id='word_1_419' title='bbox 1460 4630 1608 4697; x_wconf 89' lang='lat' dir='ltr'><strong>ami</strong></span> <span class='ocrx_word' id='word_1_420' title='bbox 1651 4653 1781 4698; x_wconf 90' lang='lat' dir='ltr'><strong>sur</strong></span> <span class='ocrx_word' id='word_1_421' title='bbox 1823 4629 1894 4697; x_wconf 89' lang='lat' dir='ltr'><strong>le</strong></span> <span class='ocrx_word' id='word_1_422' title='bbox 1939 4630 2591 4713; x_wconf 74' lang='lat' dir='ltr'><strong>Cartesianisme,</strong></span> <span class='ocrx_word' id='word_1_423' title='bbox 2651 4630 3091 4723; x_wconf 85' lang='lat' dir='ltr'><strong>scriptiuncula</strong></span> <span class='ocrx_word' id='word_1_424' title='bbox 3134 4634 3201 4701; x_wconf 93' lang='lat' dir='ltr'><strong>in</strong></span> <span class='ocrx_word' id='word_1_425' title='bbox 3242 4632 3469 4701; x_wconf 84' lang='lat' dir='ltr'><strong>Felleri</strong></span> <span class='ocrx_word' id='word_1_426' title='bbox 3516 4637 3685 4708; x_wconf 89' lang='lat' dir='ltr'><strong>Otio</strong></span> 
     </span>
     <span class='ocr_line' id='line_1_39' title="bbox 403 4740 3687 4838; baseline 0.004 -30"><span class='ocrx_word' id='word_1_427' title='bbox 403 4740 820 4809; x_wconf 88' lang='lat' dir='ltr'><strong>Hanoverano</strong></span> <span class='ocrx_word' id='word_1_428' title='bbox 878 4743 1151 4833; x_wconf 89' lang='lat' dir='ltr'><strong>primum</strong></span> <span class='ocrx_word' id='word_1_429' title='bbox 1209 4744 1388 4811; x_wconf 88' lang='lat' dir='ltr'><strong>edita.</strong></span> <span class='ocrx_word' id='word_1_430' title='bbox 1482 4746 1698 4831; x_wconf 87' lang='lat' dir='ltr'><strong>Quum</strong></span> <span class='ocrx_word' id='word_1_431' title='bbox 1741 4744 2084 4813; x_wconf 87' lang='lat' dir='ltr'><strong>Leibnitius</strong></span> <span class='ocrx_word' id='word_1_432' title='bbox 2142 4744 2220 4813; x_wconf 87' lang='lat' dir='ltr'><strong>de</strong></span> <span class='ocrx_word' id='word_1_433' title='bbox 2264 4746 2399 4811; x_wconf 89' lang='lat' dir='ltr'><strong>rixa</strong></span> <span class='ocrx_word' id='word_1_434' title='bbox 2441 4744 2761 4835; x_wconf 90' lang='lat' dir='ltr'><strong>loquatur,</strong></span> <span class='ocrx_word' id='word_1_435' title='bbox 2818 4771 2983 4838; x_wconf 87' lang='lat' dir='ltr'><strong>quae</strong></span> <span class='ocrx_word' id='word_1_436' title='bbox 3028 4750 3087 4815; x_wconf 90' lang='lat' dir='ltr'><strong>ei</strong></span> <span class='ocrx_word' id='word_1_437' title='bbox 3128 4750 3208 4814; x_wconf 90' lang='lat' dir='ltr'><strong>sit</strong></span> <span class='ocrx_word' id='word_1_438' title='bbox 3250 4771 3398 4815; x_wconf 89' lang='lat' dir='ltr'><strong>cum</strong></span> <span class='ocrx_word' id='word_1_439' title='bbox 3444 4749 3687 4821; x_wconf 87' lang='lat' dir='ltr'><strong>Carte-</strong></span> 
     </span>
     <span class='ocr_line' id='line_1_40' title="bbox 403 4856 3689 4953; baseline 0.004 -30"><span class='ocrx_word' id='word_1_440' title='bbox 403 4857 612 4939; x_wconf 87' lang='lat' dir='ltr'><strong>sianis,</strong></span> <span class='ocrx_word' id='word_1_441' title='bbox 655 4856 826 4947; x_wconf 88' lang='lat' dir='ltr'><strong>quod</strong></span> <span class='ocrx_word' id='word_1_442' title='bbox 870 4858 1134 4926; x_wconf 83' lang='lat' dir='ltr'><strong>Cartesii</strong></span> <span class='ocrx_word' id='word_1_443' title='bbox 1171 4882 1446 4929; x_wconf 88' lang='lat' dir='ltr'><strong>errorem</strong></span> <span class='ocrx_word' id='word_1_444' title='bbox 1489 4863 1554 4928; x_wconf 91' lang='lat' dir='ltr'><strong>in</strong></span> <span class='ocrx_word' id='word_1_445' title='bbox 1599 4859 1984 4929; x_wconf 88' lang='lat' dir='ltr'><strong>aestimanda</strong></span> <span class='ocrx_word' id='word_1_446' title='bbox 2028 4862 2368 4951; x_wconf 83' lang='lat' dir='ltr'><strong>quantitate</strong></span> <span class='ocrx_word' id='word_1_447' title='bbox 2412 4871 2623 4928; x_wconf 90' lang='lat' dir='ltr'><strong>motus</strong></span> <span class='ocrx_word' id='word_1_448' title='bbox 2666 4862 3177 4953; x_wconf 86' lang='lat' dir='ltr'><strong>reprehendisset,</strong></span> <span class='ocrx_word' id='word_1_449' title='bbox 3221 4885 3499 4952; x_wconf 89' lang='lat' dir='ltr'><strong>cumque</strong></span> <span class='ocrx_word' id='word_1_450' title='bbox 3548 4865 3689 4936; x_wconf 86' lang='lat' dir='ltr'><strong>hae</strong></span> 
     </span>
     <span class='ocr_line' id='line_1_41' title="bbox 407 4971 3687 5067; baseline 0.004 -28"><span class='ocrx_word' id='word_1_451' title='bbox 407 4971 903 5064; x_wconf 76' lang='lat' dir='ltr'><strong>disceptationeS,</strong></span> <span class='ocrx_word' id='word_1_452' title='bbox 947 4975 1062 5040; x_wconf 88' lang='lat' dir='ltr'><strong>etsi</strong></span> <span class='ocrx_word' id='word_1_453' title='bbox 1105 4996 1270 5043; x_wconf 87' lang='lat' dir='ltr'><strong>anno</strong></span> <span class='ocrx_word' id='word_1_454' title='bbox 1303 4973 1863 5044; x_wconf 87' lang='lat' dir='ltr'>MDCLXXXVII</span> <span class='ocrx_word' id='word_1_455' title='bbox 1912 4980 2046 5067; x_wconf 88' lang='lat' dir='ltr'><strong>jam</strong></span> <span class='ocrx_word' id='word_1_456' title='bbox 2086 4977 2394 5067; x_wconf 88' lang='lat' dir='ltr'><strong>inceptae,</strong></span> <span class='ocrx_word' id='word_1_457' title='bbox 2440 4986 2655 5043; x_wconf 89' lang='lat' dir='ltr'><strong>tamen</strong></span> <span class='ocrx_word' id='word_1_458' title='bbox 2712 4999 2875 5043; x_wconf 90' lang='lat' dir='ltr'><strong>anno</strong></span> <span class='ocrx_word' id='word_1_459' title='bbox 2900 4976 3334 5045; x_wconf 78' lang='lat' dir='ltr'>MDCXCVH</span> <span class='ocrx_word' id='word_1_460' title='bbox 3376 4980 3687 5051; x_wconf 89' lang='lat' dir='ltr'><strong>nondum</strong></span> 
     </span>
    </p>
   </div>
   <div class='ocr_carea' id='block_1_3' title="bbox 406 5086 3691 5271">
    <p class='ocr_par' dir='ltr' id='par_1_11' title="bbox 406 5086 3691 5271">
     <span class='ocr_line' id='line_1_42' title="bbox 407 5086 3691 5188; baseline 0.005 -37"><span class='ocrx_word' id='word_1_461' title='bbox 407 5086 616 5155; x_wconf 78' lang='lat' dir='ltr'><strong>finitae</strong></span> <span class='ocrx_word' id='word_1_462' title='bbox 660 5098 897 5171; x_wconf 89' lang='lat' dir='ltr'><strong>essent,</strong></span> <span class='ocrx_word' id='word_1_463' title='bbox 952 5087 1004 5156; x_wconf 92' lang='lat' dir='ltr'><strong>F</strong></span> <span class='ocrx_word' id='word_1_464' title='bbox 1007 5087 1262 5158; x_wconf 75' lang='lat' dir='ltr'><strong>ellel-um</strong></span> <span class='ocrx_word' id='word_1_465' title='bbox 1317 5102 1572 5161; x_wconf 87' lang='lat' dir='ltr'><strong>secutus</strong></span> <span class='ocrx_word' id='word_1_466' title='bbox 1625 5114 1799 5174; x_wconf 88' lang='lat' dir='ltr'><strong>sum,</strong></span> <span class='ocrx_word' id='word_1_467' title='bbox 1859 5093 1967 5183; x_wconf 91' lang='lat' dir='ltr'><strong>qui</strong></span> <span class='ocrx_word' id='word_1_468' title='bbox 2006 5090 2171 5157; x_wconf 89' lang='lat' dir='ltr'><strong>hanc</strong></span> <span class='ocrx_word' id='word_1_469' title='bbox 2217 5091 2546 5183; x_wconf 89' lang='lat' dir='ltr'><strong>epistolam</strong></span> <span class='ocrx_word' id='word_1_470' title='bbox 2602 5114 2766 5159; x_wconf 90' lang='lat' dir='ltr'><strong>anno</strong></span> <span class='ocrx_word' id='word_1_471' title='bbox 2810 5090 3191 5162; x_wconf 87' lang='lat' dir='ltr'>MDCXCV</span> <span class='ocrx_word' id='word_1_472' title='bbox 3242 5097 3691 5188; x_wconf 86' lang='lat' dir='ltr'><strong>conscriptam</strong></span> 
     </span>
     <span class='ocr_line' id='line_1_43' title="bbox 406 5212 866 5271; baseline 0.002 -4"><span class='ocrx_word' id='word_1_473' title='bbox 406 5224 547 5269; x_wconf 89' lang='lat' dir='ltr'><strong>esse</strong></span> <span class='ocrx_word' id='word_1_474' title='bbox 589 5212 866 5271; x_wconf 88' lang='lat' dir='ltr'><strong>testatur.</strong></span> 
     </span>
    </p>
   </div>
  </div>
 </body>
</html>
