3717 5850
367 363 506 427 xw
833 311 850 354 ¹
1676 358 2467 422 ΡηΑΕεΑτια

369 494 969 578 dissimulationem3
1015 491 1212 564 alium
1255 489 1360 561 hic
1403 501 1598 586 atque
1639 492 1705 564 in
1745 491 1851 561 illa
1892 493 2129 563 indicat
2168 493 2637 586 disciplinarum
2678 495 2937 578 seriem,
2980 491 3511 585 metaphysicam,
3550 494 3635 564 ibi

371 617 674 683 omissam
687 664 706 697 ,
745 610 1089 682 introducit
1129 607 1538 701 eandemque
1585 631 1738 677 cum
1781 609 2103 704 theologia
2144 613 2487 703 conjungit.
2574 610 2748 680 Cum
2789 612 3177 686 mentionem
3218 611 3413 678 etiam
3452 611 3635 678 faciat

372 727 738 800 Matheseos
780 750 938 795 suae
981 723 1314 820 generalis,
1355 724 1652 817 equidem
1694 749 1846 794 cum
1891 725 2275 796 Hanoverae
2314 724 2583 819 legerim
2630 725 3092 820 autographum
3128 723 3426 817 idemque
3463 733 3631 793 tran·-

371 848 678 938 scriptum
725 842 1088 936 possideam
1133 839 1327 933 quod,
1371 849 1516 908 octo
1561 839 1997 933 complectens
2037 841 2203 926 folia,
2244 843 2615 934 inscriptum
2658 852 2783 910 est:
2853 840 3035 909 »Idea
3076 838 3232 924 libri,
3274 843 3379 909 cui
3420 838 3635 907 titulus

379 963 540 1030 -erit
577 959 911 1029 Elementa
951 979 1124 1028 nova
1165 954 1528 1024 matheseos
1573 954 1979 1040 universalis,
2001 988 2031 1012 c
2080 997 2173 1008 -
2214 956 2327 1025 diu
2366 955 2677 1025 haesitavi
2718 963 2933 1024 utrum
2974 955 3321 1024 insererem
3360 979 3447 1025 an
3488 977 3633 1025 non.

374 1075 510 1146 Sed
552 1099 704 1144 cum
745 1076 829 1144 sit
867 1077 1292 1166 fragmentum
1333 1093 1636 1140 mancum
1645 1122 1666 1155 ,
1709 1074 2083 1164 praesertim
2124 1095 2281 1140 vero
2322 1094 2473 1140 cum
2514 1080 2649 1139 tota
2692 1073 2833 1163 ejus
2870 1069 3117 1139 indoles
3158 1071 3241 1137 sit
3280 1068 3633 1138 mathema·

374 1194 519 1276 tica,
563 1191 765 1259 omisi.
855 1191 1024 1259 Sunt
1066 1189 1448 1258 Hanoverae
1491 1195 1623 1254 tam
1667 1185 1873 1255 multa
1918 1186 2310 1280 autographa
2352 1185 2799 1256 mathematica
2840 1184 3123 1254 nondum
3166 1185 3353 1269 edita,
3392 1195 3468 1254 ut
3508 1209 3633 1255 non

375 1308 622 1398 possim
677 1307 828 1397 quin
885 1327 1138 1397 sperem
1195 1307 1333 1373 sore
1383 1313 1462 1370 ut
1515 1301 2043 1372 mathematicum
2094 1301 2403 1372 editorem
2455 1303 2803 1395 reperiant,
2860 1304 2965 1370 cui
3014 1301 3140 1370 hoc
3194 1301 3387 1370 etiam
3440 1299 3634 1370 eden-

373 1423 530 1492 dum
573 1418 976 1511 relinquatur.

552 1533 730 1606 XVI.
787 1532 1208 1604 Guilielmi
1250 1533 1561 1604 Pacidii
1611 1533 1843 1604 initia
1902 1542 1979 1602 et
2028 1533 2464 1625 specimina
2519 1532 2907 1602 scientiae
2960 1529 3377 1625 generalis.
3472 1533 3633 1600 Pro·-

372 1653 466 1722 dit
519 1649 854 1720 exordium
905 1658 1199 1717 autorem
1247 1646 1614 1740 juvenilem.
1701 1647 2181 1740 Inscriptionem
2222 1671 2347 1742 ego
2390 1650 2745 1741 fragmento
2786 1645 3011 1732 indidi,
3060 1670 3191 1740 quo
3236 1650 3443 1739 operis
3488 1669 3635 1740 pro-

373 1769 550 1837 missi
587 1767 762 1835 initia
803 1773 1030 1832 auctor
1067 1761 1410 1830 lectoribus
1453 1765 1653 1831 offert.

547 1879 751 1952 XVII.
804 1876 884 1948 In
941 1879 1384 1969 specimina
1439 1878 1750 1946 Pacidii
1801 1877 2303 1948 introductio
2359 1877 2765 1947 historica.
2851 1879 3035 1949 Hanc
3086 1877 3233 1947 dedi
3282 1878 3631 1970 inscriptio-

372 2021 524 2070 nem
564 1999 916 2088 fragmento
961 1992 1374 2076 Leibnitiano,
1419 2017 1548 2085 quo
1593 1992 1774 2061 aliter
1813 2015 1891 2060 ac
1935 2016 2128 2088 supra
2174 1993 2517 2064 exorditur.
2588 1995 2791 2064 Multa
2832 2005 3081 2088 praeter
3120 1992 3249 2062 hoc
3288 1993 3415 2063 vidi
3450 1992 3632 2062 sche-

373 2114 478 2182 dia
493 2165 512 2197 ,
565 2110 796 2203 quibus
834 2108 1060 2178 iisdem
1101 2111 1234 2177 fere
1275 2107 1486 2178 verbis
1531 2108 1756 2178 eadem
1801 2133 1969 2202 quae
2011 2109 2116 2178 hic
2156 2121 2509 2194 narrantur,
2548 2113 2639 2178 ita
2680 2121 2755 2178 ut
2796 2108 3052 2178 credam
3066 2161 3085 2192 ,
3126 2109 3511 2179 Leibnitium
3550 2111 3631 2176 si-

377 2229 636 2324 quidem
681 2249 844 2318 opus
883 2223 1039 2292 illud
1081 2223 1396 2308 edidisset,
1437 2223 1564 2294 hoc
1605 2228 1738 2293 sere
1778 2225 1975 2292 modo
2018 2247 2401 2295 exorsurum
2442 2228 2653 2296 fuisse.
2720 2225 3027 2293 Ceterum
3068 2224 3193 2294 hoc
3214 2228 3635 2318 fragmentum

374 2367 522 2414 mea
580 2343 874 2436 opinione
925 2339 1129 2409 multo
1189 2349 1336 2432 post
1389 2364 1468 2407 ea
1509 2342 1941 2433 conscriptum
1985 2351 2115 2424 est,
2170 2363 2337 2432 quae
2392 2363 2585 2432 supra
2628 2338 2971 2408 attulimus.
3058 2341 3305 2410 Suadet
3340 2339 3473 2408 hoc
3512 2363 3635 2408 non

372 2458 588 2529 solum
631 2459 980 2549 scripturae
1021 2457 1302 2548 species,
1359 2454 1632 2524 suadent
1677 2455 1990 2551 imprimis
2041 2455 2164 2523 hae
2201 2458 2555 2548 juventutis
2596 2457 2959 2540 memoriae,
3002 2455 3233 2548 quibus
3272 2465 3449 2526 aetas
3494 2479 3635 2547 pro-

373 2577 618 2645 vectior
669 2571 965 2642 delectari
1017 2569 1198 2640 solet.
1239 2664 1246 2670 ·
1285 2569 1522 2639 Nescio
1578 2595 1662 2640 an
1733 2596 1772 2641 e
1827 2570 1955 2640 fine
2009 2569 2201 2662 hujus
2252 2572 2588 2664 fragmenti
2642 2573 3002 2664 conjiciam,
3052 2569 3437 2642 Leibnitium
3492 2595 3633 2640 cum

373 2690 676 2762 scriberet
708 2691 843 2788 jam
901 2685 1188 2754 hausisse
1230 2688 1445 2778 regiae
1484 2684 1669 2754 aulae
1714 2692 1947 2755 aerem.

551 2803 779 2874 XVIII.
822 2801 1361 2871 Fundamenta
1405 2799 1702 2871 calculi
1744 2803 2390 2884 ratiocinatoris,
2435 2804 2857 2895 fragmentum
2900 2802 2982 2871 ab
3021 2803 3160 2896 ipso
3199 2801 3509 2872 Leibnitio
3548 2805 3633 2870 ita

373 2922 763 3014 inscriptum.
855 2916 1226 2987 ostenditur
1263 2915 1368 2985 hic
1411 2917 1732 3010 quomodo
1775 2920 2038 2990 scientia
2080 2917 2449 2987 universalis
2492 2942 2644 2987 cum
2686 2926 2813 2990 usu
2854 2919 3183 3013 signorum
3224 2943 3343 2988 seu
3382 2917 3633 3013 linguae

373 3036 834 3109 charactericae
874 3031 1216 3101 cohaerere
1255 3033 1378 3126 ipsi
1421 3035 1558 3102 visa
1602 3036 1700 3101 sit.

279 3243 290 3251 ι
549 3148 731 3219 XIX.
773 3147 948 3218 Non
999 3148 1412 3243 inelegans
1468 3151 1883 3239 specimen
1938 3148 2533 3220 demonstrandi
2585 3151 2664 3219 in
2720 3150 3171 3219 abstractis.
3260 3148 3517 3219 Titulus
3558 3150 3631 3217 ab

369 3268 508 3359 ipso
553 3262 862 3333 Leibnitio
905 3266 1262 3357 inscriptus,
1303 3276 1528 3357 postea
1571 3262 1959 3349 obliteratuS,
1997 3264 2343 3359 juvenilem
2389 3264 2597 3356 prodit
2634 3274 2926 3334 aetatem.
2994 3264 3232 3352 Quanti
3270 3267 3411 3358 ipse
3458 3276 3634 3334 autor

369 3380 538 3452 hanc
593 3382 1193 3449 commentationem
1247 3381 1674 3448 aestimaverit
1727 3405 1768 3450 e
1809 3379 2306 3465 correctionibus
2378 3390 2585 3471 patet,
2644 3380 2874 3472 quibus
2928 3380 3191 3449 diversis
3248 3378 3629 3473 temporibus

372 3502 470 3584 (ut
509 3496 834 3565 literarum
875 3496 1121 3586 species
1164 3495 1402 3587 prodit)
1445 3518 1592 3563 eam
1633 3497 1980 3588 castigavit.

548 3610 705 3681 XX.
747 3607 1125 3681 Addenda
1179 3609 1274 3679 ad
1331 3612 1738 3703 specimen
1791 3610 2083 3681 calculi
2140 3609 2650 3694 universalis,
2708 3608 2937 3679 eodem
2998 3610 3132 3678 sere
3172 3619 3465 3701 tempore
3508 3634 3629 3703 quo

373 3729 699 3821 specimen
739 3724 896 3793 illud
937 3726 1292 3814 conscripta
1335 3748 1478 3794 esse
1521 3724 1845 3795 literarum
1888 3729 2135 3818 species
2178 3738 2463 3795 testatur.
2552 3726 2783 3817 Neque
2826 3734 3275 3816 argumentum
3302 3737 3631 3819 repugnat.

543 3840 711 3911 XXI
751 3839 872 3909 De
913 3838 1398 3910 veritatibus
1439 3843 1735 3934 primis.
1824 3841 2011 3910 Hanc
2062 3845 2664 3911 commentationem
2708 3842 2826 3908 etsi
2869 3842 3103 3911 seriore
3146 3849 3436 3933 tempore
3478 3865 3629 3911 eon-

372 3960 670 4050 scriptam
715 3968 871 4050 puto
916 3965 1131 4024 tamen
1174 3954 1256 4025 ob
1301 3958 1659 4049 argumenti
1701 3954 2172 4026 similitudinem
2215 3956 2338 4026 hoc
2379 3957 2521 4025 loco
2567 3957 2770 4047 posui.
2856 3954 3143 4025 Eandem
3186 3968 3446 4025 secutus
3490 3982 3629 4027 sum

368 4074 680 4141 rationem
721 4073 788 4139 in
829 4068 1086 4138 edendis

550 4183 756 4254 XXII.
821 4183 1458 4254 Definitionibus
1525 4182 1840 4276 logicis,
1908 4208 2074 4276 quae
2124 4185 2409 4257 nondum
2464 4184 2732 4255 antehac
2798 4188 2967 4278 typis
3033 4210 3372 4279 expressae
3438 4197 3631 4259 erant.

373 4301 622 4389 Quibus

547 4412 780 4485 XXIII.
825 4413 1380 4483 Difficultates
1442 4412 1812 4506 quasdam
1855 4412 2190 4507 logicas,
2240 4440 2279 4485 a
2321 4416 2559 4507 Raspio
2600 4419 2734 4510 jam
2778 4416 3010 4501 editas,
3056 4417 3367 4511 subjunxi.
3413 4458 3505 4470 -—

547 4529 788 4599 XXIV.
835 4528 1147 4597 Extrait
1189 4528 1413 4597 d'une
1451 4526 1690 4598 lettre
1733 4529 1773 4598 a
1800 4528 1917 4599 Mt.
1949 4530 2209 4622 Bayle.
2254 4533 2437 4601 Hanc
2468 4530 2815 4624 epistolam,
2847 4558 3010 4603 anno
3040 4532 3630 4602 MDCLXXXVII.

375 4646 828 4736 conscriptam,
873 4668 1065 4736 quam
1095 4646 1232 4735 ipse
1259 4643 1610 4713 Leibnitius
1638 4656 1971 4729 memorat,
2000 4646 2307 4715 scribens:
2358 4646 2491 4715 -La
2517 4647 2605 4715 loi
2633 4646 2713 4715 de
2742 4651 3117 4732 continuite,
3148 4674 3273 4741 que
3298 4651 3405 4742 j'ai
3434 4653 3631 4717 intro-

381 4760 625 4842 -duite,
655 4770 720 4828 et
753 4759 907 4827 dont
923 4762 1032 4852 j'ai
1051 4761 1160 4825 fait
1181 4758 1240 4826 la
1267 4760 1574 4851 premiere
1603 4762 1885 4830 mention
1908 4761 2062 4829 dans
2081 4762 2173 4831 les
2194 4763 2519 4832 nouvelles
2542 4763 2703 4833 dela
2722 4764 3090 4857 republique
3112 4763 3227 4833 des
3245 4764 3518 4847 lettres‚·
3550 4800 3633 4813 —-·

377 4877 676 4947 Dutensii
707 4874 896 4943 editio
929 4898 1059 4943 non
1095 4873 1365 4943 exhibet.
1425 4874 1742 4967 Equidem
1765 4898 1910 4944 eam
1928 4878 2165 4947 inserui
2186 4900 2335 4944 cum
2360 4876 2469 4945 illa
2487 4878 2593 4947 lex
2612 4891 2879 4947 naturae
2900 4879 2981 4948 de
3006 4900 3132 4971 qua
3155 4891 3483 4973 tamquam
3506 4902 3543 4946 a
3566 4901 3633 4943 se

369 4994 634 5061 inventa
675 4992 932 5083 saepius
973 4990 1094 5059 sibi
1133 4988 1483 5083 gratulatur
1523 5000 1758 5072 noster,
1799 4988 1905 5059 hic
1948 4993 2223 5085 primum
2268 4997 2555 5087 exposita
2596 4997 2692 5065 sit.
2747 4993 3012 5063 Accedit
3053 5006 3126 5063 ut
3154 4994 3633 5065 demonstratio-

377 5106 566 5175 nibus
609 5104 1071 5175 mathematicis
1113 5105 1420 5178 abstineat
1463 5105 1543 5175 ad
1587 5108 1793 5176 virum
1836 5107 2113 5179 scribens
2156 5110 2277 5179 etsi
2316 5112 2817 5203 sagacissimum,
2859 5110 3219 5181 matheseos
3262 5122 3475 5180 tamen
3516 5112 3633 5178 im-

369 5223 661 5313 peritum.
