3717 5850
743 342 1021 403 XXXIV.
1088 343 1193 401 DE
1232 342 1519 402 PRIMAE
1562 343 2096 403 PHILOSOPHIAE
2137 343 2694 404 EMENDATIONE.

3221 338 3350 411 121

108 500 211 549 tans
246 488 564 563 problema
616 491 718 545 ont
755 486 949 545 besoin
994 486 1161 544 d'une
1216 487 1469 544 nouvelle
1512 488 1678 557 arcon
1775 483 2038 561 quelques
2073 484 2331 545 matieres
2371 488 2772 563 particulierese,
2816 488 2958 546 mis
2991 504 3260 569 me
3285 489 3352 560 je

108 580 369 653 d'analyse
408 581 563 635 toute
612 577 901 634 differente
945 577 1015 633 de
1050 576 1111 631 la
1144 576 1361 649 sienne,
1402 576 1542 633 dont
1569 574 1676 645 j'ai
1775 576 1832 632 la
1899 575 2182 633 considere
2239 592 2456 634 comme
2503 593 2582 633 un
2629 578 2936 637 admirable
2991 577 3234 653 modele,
3293 586 3352 639 et

106 668 267 727 donne
294 666 619 723 moi-meme
646 666 745 722 des
782 664 1159 721 echantillons.
1249 666 1298 721 Il
1338 680 1429 721 me
1466 665 1675 723 semble
1773 682 1990 721 comme
2017 682 2094 721 un
2119 664 2454 722 c'chantillon
2491 666 2561 722 de
2596 684 2658 723 ce
2695 668 2865 741 qu’on
2901 668 3150 740 pourroit
3185 670 3245 726 et
3281 659 3354 726 de

107 776 193 832 que
220 756 323 813 Mr.
349 757 735 812 Descartes
762 754 975 811 n'avoit
1015 770 1116 827 pas
1156 770 1306 832 assez¹
1339 752 1563 827 penetre
1590 755 1671 811 les

110 849 446 921 importantes
486 844 689 901 vetites
730 844 799 900 de
839 844 931 900 Ke
942 842 1090 916 pler
1130 860 1223 899 sur
1256 843 1668 917 l'Astronomie,

110 954 195 1010 que
222 936 277 989 la
302 934 450 989 suite
478 934 578 990 des
607 937 747 990 tems
774 950 811 988 a
840 930 1101 989 verifieoe.
1186 932 1301 989 Son
1336 933 1559 989 homme
1586 936 1671 989 est

111 1026 487 1081 exuemement
508 1022 763 1079 different
783 1022 853 1079 de
874 1022 1135 1077 l’homme
1153 1019 1433 1095 veritable
1456 1038 1671 1079 comme

112 1116 197 1169 Mr.
228 1114 503 1168 Stenon
552 1114 611 1168 et
647 1111 885 1167 d'autres
922 1110 1064 1167 l’ont
1102 1108 1334 1166 mentre.
1422 1110 1503 1166 La
1540 1126 1671 1167 con-

112 1204 365 1259 noissance
394 1200 539 1273 qu’il
564 1201 720 1259 avoit
746 1200 843 1255 des
871 1199 978 1255 sels
1008 1202 1067 1255 et
1094 1200 1165 1255 de
1191 1198 1247 1255 la
1275 1198 1505 1269 Chymie
1530 1198 1671 1255 etoit

113 1293 219 1348 bien
254 1290 501 1362 maigree,
542 1289 661 1346 cela
696 1292 781 1344 est
818 1304 979 1345 cause
1014 1303 1124 1360 que
1162 1305 1225 1344 ce
1274 1287 1409 1359 qu'il
1456 1304 1527 1343 en
1566 1288 1667 1361 dit,

112 1381 233 1437 aussi
266 1379 397 1435 bien
441 1394 556 1451 que
594 1378 691 1435 des
728 1376 1048 1450 minei-aux,
1090 1381 1176 1432 est
1212 1376 1501 1433 mediocre.
1589 1377 1670 1433 La

112 1467 507 1541 metaphysique
534 1467 603 1523 de
640 1470 727 1523 cet
764 1466 992 1540 Auteur,
1036 1465 1365 1537 quoiqu’elle
1402 1466 1483 1521 ait
1520 1466 1670 1537 quel·

113 1576 221 1631 ques
256 1558 439 1614 beeux
482 1556 643 1611 n'aits
680 1558 765 1611 est
803 1554 979 1611 meles
1018 1555 1087 1611 de
1126 1554 1327 1626 grands
1364 1554 1670 1627 paralogis-

113 1664 221 1719 mes,
258 1652 311 1701 et
336 1662 373 1701 a
393 1645 501 1701 des
526 1644 772 1700 endroits
802 1644 935 1700 bien
963 1643 1175 1699 foibles.
1240 1641 1350 1699 J'ai
1379 1642 1671 1699 deeouvert

112 1738 159 1792 la
179 1752 349 1791 source
377 1734 453 1790 de
485 1750 575 1789 see
614 1750 826 1789 erreurs
862 1749 957 1788 sur
995 1733 1075 1788 les
1112 1730 1287 1807 regies
1330 1730 1407 1787 du
1448 1748 1671 1787 mouve-

116 1828 262 1895 ment3
302 1828 357 1880 et
396 1822 647 1896 quoique
665 1821 909 1890 j'oefime
942 1820 1343 1878 extremement
1382 1838 1445 1877 sa
1479 1820 1669 1891 Physi-

116 1930 213 1987 que,
236 1930 293 1969 ce
316 1913 467 1969 n'est
494 1928 597 1987 pas
626 1927 733 1985 que
752 1910 815 1981 je
842 1912 899 1967 la
924 1909 1111 1967 tienne
1132 1908 1427 1984 veritable„
1444 1909 1669 1984 excepte

1771 771 1834 811 ce
1860 756 2031 827 qu'on
2060 754 2275 811 devroit
2303 755 2646 811 maintcnant
2679 755 2878 829 elever,
2907 774 3002 813 sur
3029 757 3125 814 des
3151 758 3351 831 princi·

1770 860 1868 917 pes
1895 844 2018 917 plus
2045 843 2248 901 solides
2273 858 2380 917 que
2405 844 2486 899 les
2513 843 2858 918 experienoes
2895 862 3036 901 nous
3061 850 3166 903 ont
3203 848 3351 905 four-

1768 932 1858 987 nis
1907 932 2116 1005 depuis·
2193 932 2282 988 En
2331 948 2410 989 un
2459 936 2580 989 mot
2619 932 2862 1002 j'estime
2897 934 3206 991 infiniment
3239 937 3348 993 Mr.

1768 1021 2170 1079 Descartes:
2216 1020 2356 1077 mais
2405 1022 2536 1079 bien
2583 1026 2815 1079 souvent
2863 1022 2906 1079 il
2943 1039 3015 1079 ne
3051 1024 3214 1079 m'est
3249 1022 3348 1098 pas'

1768 1110 1974 1183 permis
2003 1111 2072 1166 de
2098 1110 2152 1165 le
2187 1112 2384 1166 suivre.
2461 1110 2570 1165 J'ai
2601 1110 2702 1167 fait
2728 1111 2990 1168 autrefois
3019 1112 3116 1168 des
3142 1128 3348 1169 remar-

1770 1214 1902 1271 ques
1945 1215 2038 1255 sur
2077 1200 2136 1254 la
2173 1198 2440 1272 premiere
2480 1203 2536 1257 et
2573 1216 2669 1257 sur
2705 1200 2764 1255 la
2790 1200 3026 1257 seconde
3063 1200 3242 1274 partie
3279 1202 3350 1259 de

1770 1304 1855 1343 ses
1885 1286 2170 1361 principes.
2237 1288 2338 1343 Ces
2366 1288 2572 1363 parties
2604 1292 3000 1363 eomprennent
3037 1306 3110 1345 en
3151 1288 3350 1362 abrege

1769 1393 1833 1433 sa
1860 1376 2206 1453 philosophie
2242 1376 2508 1449 generale,
2549 1368 2622 1433 ou
2653 1376 2758 1446 j'ai
2793 1376 2882 1435 ete
2920 1376 3102 1451 oblige
3137 1378 3193 1433 le
3226 1379 3352 1451 plus

1771 1470 2006 1521 souvent
2033 1466 2101 1522 de
2129 1464 2413 1522 m'ecarter
2441 1466 2509 1523 de
2536 1464 2631 1522 lui.
2711 1466 2815 1523 Les
2844 1466 3048 1540 parties
3073 1467 3352 1523 suivantes

1770 1554 2034 1611 viennent
2063 1570 2133 1611 au
2164 1554 2334 1611 detail
2360 1555 2430 1611 de
2458 1555 2514 1611 la
2539 1559 2752 1630 nature,
2783 1556 2920 1628 qu’il
2946 1556 3088 1611 n'est
3121 1571 3222 1628 pas
3255 1572 3352 1613 en-

1769 1659 1897 1699 core
1949 1643 2001 1699 si
2039 1642 2154 1698 aise
2191 1642 2505 1700 d'eclaircir.
2573 1644 2718 1700 C'est
2755 1643 3025 1718 pourquoi
3059 1642 3124 1713 je
3159 1644 3258 1715 n'y
3293 1643 3350 1700 ai

1769 1748 1870 1805 pas
1891 1747 2094 1794 ,encore
2121 1731 2331 1789 touche.
2419 1731 2566 1787 Mais
2587 1731 2652 1801 je
2677 1748 2749 1790 ne
2776 1734 2896 1803 scai
2935 1736 3214 1789 comment
3245 1730 3352 1801 j’ai

1768 1819 1857 1877 ete
1911 1819 2159 1893 emporte
2209 1820 2660 1877 insensiblement
2701 1820 2738 1878 a
2789 1838 2925 1879 vous
2966 1821 3262 1879 ennetenir
3300 1820 3350 1877 si

1769 1910 2082 1983 long-tems
2122 1924 2217 1966 sur
2257 1912 2402 1966 cette
2443 1906 2690 1966 matiere.

1318 2206 2158 2215 -————-—-————--——-——0-—-—.—-

1514 2430 1940 2587 xxxw.

1638 2676 1707 2747 D
1731 2674 1800 2747 E

190 2846 779 2972 PRIMAE
840 2841 2008 2970 PHILOSOPHIAE
2100 2840 3260 2967 EMENDATIONE

1130 3071 1227 3128 ΕΤ
1268 3069 1370 3131 DE
1420 3067 1751 3126 NOTIONE
1791 3066 2310 3125 SUBSTANTIAE.

1447 3295 1986 3387 1694.

1563 3483 1636 3490 .-
1659 3482 1819 3488 -———--
1838 3482 1868 3487 ..-

292 3623 301 3632 ,
413 3569 578 3626 (Acta
611 3569 797 3617 Erudit.
832 3569 972 3626 Llps.
1014 3567 1164 3615 1694.
1200 3579 1247 3622 p.
1288 3566 1405 3614 no.
1442 3586 1513 3596 —
1548 3565 1763 3614 Lelbn.
1802 3567 1926 3621 opp.
1971 3565 2046 3611 ed.
2095 3566 2337 3611 Dutens
2372 3565 2510 3611 'rom-
2546 3566 2610 3611 11.
2647 3567 2707 3612 Ρ.
2747 3566 2790 3611 ί.
2827 3576 2873 3620 p.
2915 3561 3025 3618 is.)

197 3781 349 3839 Video
374 3783 680 3858 plerosque,
712 3782 811 3856 qui
834 3779 1236 3838 Mathematicis
1275 3777 1537 3836 doctrinis
1573 3777 1668 3834 de-

128 3870 373 3944 lectantur,
411 3890 451 3928 a
488 3871 877 3945 Metaphysicis
914 3871 1226 3940 abhorrere,
1270 3868 1423 3940 quod
1462 3866 1523 3923 in
1558 3865 1669 3922 illis

132 3958 295 4032 lucem,
328 3960 385 4016 in
417 3962 505 4018 his
544 3962 795 4018 tenebras
836 3958 1291 4016 animadvertant.
1378 3954 1545 4024 Cujus
1588 3952 1668 4010 rei

129 4047 433 4119 potissimam
484 4066 707 4109 eausam
745 4065 863 4104 esse
902 4046 1155 4119 arbitror,
1211 4045 1361 4117 quod
1414 4044 1669 4102 notiones

130 4139 392 4212 generales,
432 4144 491 4196 et
517 4155 659 4212 quae
686 4137 928 4193 maxime
956 4135 1212 4193 omnibus
1240 4137 1407 4190 notae
1446 4132 1672 4190 credun-

132 4229 227 4297 tur‚·
258 4228 491 4286 humana
540 4225 868 4301 negligentia
916 4229 1079 4296 atque
1118 4223 1487 4280 inconstantia
1526 4220 1671 4294 cogi-

132 4316 255 4370 tandi
279 4317 564 4390 ambiguae
584 4320 749 4388 atque
770 4315 1031 4372 obscurae
1059 4318 1189 4369 sunt
1216 4315 1419 4385 factae3
1448 4315 1505 4367 et
1531 4326 1671 4383 quae

130 4403 263 4476 vulgo
282 4407 585 4461 afferuntur
605 4403 962 4474 definitiones,
984 4419 1057 4459 ne
1076 4401 1383 4459 nominales
1405 4405 1534 4457 sunt
1554 4397 1671 4472 qui-

132 4491 247 4566 dem,
284 4495 421 4552 adeo
458 4493 595 4550 1111111
644 4485 943 4565 explicant.
1042 4489 1157 4548 Nec
1208 4489 1439 4548 dubium
1487 4491 1571 4546 est
1608 4487 1671 4543 in

45 4639 47 4646 ,
132 4585 335 4638 caeteras
362 4582 675 4656 disciplinas
702 4581 985 4638 influxisse
1025 4581 1251 4654 malum,
1294 4594 1434 4651 quae
1460 4577 1673 4650 primae

134 4667 198 4724 illi
234 4676 390 4744 atque
426 4670 877 4728 architectonicae
918 4669 1359 4726 subordinantur.
1447 4667 1535 4723 Ita
1570 4681 1673 4738 pro

136 4756 507 4818 definitionibus
535 4759 725 4816 lucidis
764 4763 930 4815 natae
968 4758 1133 4815 nobis
1169 4759 1298 4813 sunt
1335 4754 1673 4812 distinctiun-

139 4848 277 4923 culae,
315 4867 415 4924 pro
454 4849 827 4906 axiomatibus
853 4863 982 4903 vere
1018 4845 1419 4904 universalibus
1456 4845 1677 4915 regulae

138 4937 335 5012 topicae,
366 4955 505 5012 quae
530 4955 695 5010 saepe
733 4936 977 5010 pluribus
1018 4939 1342 5008 franguntur
1376 4931 1673 5004 instantiiS,

139 5037 273 5093 quam
292 5025 553 5096 juvantur
580 5025 861 5098 exemplis·
950 5025 1023 5080 Et
1059 5028 1245 5080 tamen
1272 5023 1477 5096 passim
1502 5019 1678 5077 homi-

45 5121 47 5166 ῑ
139 5127 219 5166 nes
245 5115 637 5190 Metaphysicas
672 5131 834 5171 voees
882 5113 1201 5170 necessitate
1238 5111 1476 5185 quadam
1525 5107 1678 5165 adbi-

45 5167 48 5298 )
140 5198 263 5275 bem,
302 5210 356 5262 et
380 5205 487 5262 sibi
524 5205 881 5277 bandientae,
910 5202 1215 5275 intelligere
1250 5199 1497 5272 eredunt,
1538 5213 1678 5270 quae.

1714 3771 1721 3829 1
1767 3775 1922 3848 loqui
1951 3774 2202 3831 didicere.

1790 3683 1925 3692 -.-..-.

2289 3773 2404 3830 Nec
2440 3790 2574 3831 vero
2611 3774 2954 3832 substantiae
2989 3777 3222 3847 tantum,
3251 3773 3348 3830 sed

1768 3868 1827 3920 et
1852 3879 2064 3935 causae,
2093 3866 2151 3918 et
2175 3861 2428 3934 actionis,
2457 3866 2514 3918 et
2541 3863 2838 3936 relationis,
2871 3867 2928 3918 et
2953 3862 3346 3934 similitudinis,

1771 3957 1827 4010 et
1877 3953 2260 4025 plerorumque
2322 3950 2557 4007 aliorum
2605 3952 2966 4008 terminorum
3013 3950 3348 4024 generalium

1770 4041 2024 4098 notiones
2064 4057 2220 4096 veras
2257 4043 2316 4095 et
2353 4039 2644 4097 faecundas
2695 4041 2860 4113 vulgo
2901 4041 3074 4098 latere
3120 4039 3348 4096 manife-

1770 4135 1919 4188 stum
1946 4133 2048 4185 est.
2135 4128 2295 4184 Unde
2331 4145 2494 4185 nemo
2535 4128 2725 4184 mirari
2764 4129 2942 4201 debet,
2972 4129 3256 4184 scientiam
3283 4127 3350 4184 il-

1772 4221 1888 4276 lam
1916 4217 2247 4292 principem,
2286 4233 2426 4290 quae
2463 4217 2680 4273 Primae
2717 4217 3098 4289 Philosophiae
3124 4216 3350 4274 nomine

1772 4307 1942 4380 venit,
1972 4311 2030 4363 et
2047 4306 2427 4363 Aristoteli
2455 4306 2601 4362 dicta
2628 4309 2712 4362 est
2739 4307 3044 4363 desiderata
3063 4321 3160 4362 seu
3187 4321 3351 4378 quae-

1773 4397 1880 4453 sita
1919 4375 2340 4466 (ζητσυμένη)
2363 4394 2538 4451 adhuc
2566 4395 2710 4451 inter
2736 4395 3043 4467 quaerenda
3071 4395 3350 4451 mansisse.

1774 4484 2042 4558 Equidem
2071 4485 2270 4541 Plato
2297 4483 2506 4557 passim
2525 4483 2772 4557 Dialogis
2799 4483 2916 4539 vim
2942 4484 3231 4540 notionum
3259 4500 3352 4540 ve-

1775 4565 1969 4648 stigat,
1997 4573 2146 4630 idem
2173 4571 2306 4629 facit
2331 4572 2762 4629 Aristoteles
2791 4571 2850 4627 in
2878 4571 3034 4628 libris
3061 4573 3157 4644 qui
3184 4573 3351 4644 vulgo

1776 4661 2246 4735 Metaphysici
2301 4665 2592 4733 vocantur3
2660 4661 2894 4718 multum
2943 4665 3128 4718 tamen
3175 4662 3334 4734 profe

1775 4752 1920 4809 cisse
1963 4768 2079 4807 non
2126 4755 2370 4824 apparet.
2457 4750 2728 4807 Platonici
2775 4749 3102 4823 posteriores
3149 4750 3222 4806 ad
3270 4750 3354 4807 lo-

1776 4839 1980 4914 quendi
2017 4842 2272 4914 portenta
2309 4842 2438 4896 sunt
2473 4839 2646 4913 lapsi-⁰,
2693 4836 3074 4913 Aristotelicis,
3113 4853 3354 4912 praeser-

1776 4931 1880 4986 tim
1919 4928 2286 5003 Scholasticis,
2327 4944 2548 4984 movere
2586 4926 2762 5001 magis
2802 4928 3146 5001 quaestiones
3194 4941 3354 4982 curae

1777 5018 1906 5090 fuit,
1935 5034 2102 5091 quam
2131 5015 2302 5074 linire.
2383 5016 2600 5074 Nostris
2629 5017 2968 5090 temporibus
2995 5015 3100 5072 viri
3127 5012 3353 5086 quidam

1778 5106 2016 5180 insignes
2055 5106 2224 5164 etiam
2245 5135 2250 5140 ·
2271 5105 2344 5162 ad
2381 5105 2626 5162 Primam
2662 5105 3070 5178 Philosophiam
3106 5100 3354 5157 animum

1778 5194 2047 5270 adjecere,
2109 5211 2224 5251 non
2275 5211 2476 5268 magno
2536 5197 2721 5250 tamen
2782 5194 3038 5250 hactenus
3092 5205 3354 5247 successu.
