3717 5850
277 329 464 395 ·18

1479 328 1550 386 11.
1603 329 1705 387 DE
1737 327 1939 388 ARTE
1968 327 2543 388 COMBINATORIA.

485 473 668 533 obiter
717 470 1005 530 consilium
1053 469 1416 544 suppeditabo
1467 471 1620 547 utile,
1665 471 1814 545 quod
1870 473 1961 528 vel

487 565 610 638 ipso
652 561 906 635 exemplo
947 562 1050 617 hoc
1091 560 1497 634 comprobatur,
1539 561 1602 617 in
1644 577 1756 634 quo
1783 561 1962 617 consi-

489 652 586 707 stit
626 650 818 723 proba,
861 653 927 704 ut
969 649 1048 705 sic
1089 649 1286 722 dicam,
1330 665 1428 704 seu
1469 665 1560 705 ars
1601 649 1961 706 examinandi

489 738 716 796 modum
759 739 1118 813 propositum,
1162 742 1219 795 et
1260 737 1434 794 sicubi
1477 753 1592 795 non
1611 739 1826 795 formae
1866 738 1964 794 sed

489 827 751 884 materiae
793 827 851 882 vi
892 827 1184 900 concludit,
1228 827 1474 882 celeriter
1514 828 1837 883 instantiam
1878 843 1965 882 re-

491 916 752 990 periendi,
797 917 1019 989 qualem
1061 917 1210 990 apud
1231 916 1458 990 Logicos
1499 915 1757 972 hactenus
1786 917 1966 988 legere

493 1022 584 1062 me
626 1021 740 1062 non
785 1006 1028 1062 memini.
1091 1005 1364 1062 Breviter:
1409 1005 1519 1062 Pro
1561 1005 1678 1060 UA
1719 1008 1967 1060 sumatur

493 1094 797 1169 propositio
837 1111 1006 1168 quam
1047 1094 1278 1150 materia
1317 1109 1432 1150 non
1473 1093 1700 1172 patitur
1720 1092 1967 1150 converti

493 1183 830 1257 simpliciter,
873 1201 926 1238 v.
959 1202 1008 1257 g.
1049 1187 1298 1238 sumatur
1341 1181 1474 1238 haec
1517 1182 1726 1254 potius:
1771 1182 1966 1238 Omnis

493 1274 660 1330 homo
703 1277 788 1328 est
828 1273 1052 1344 animal,
1095 1287 1278 1344 quam,
1323 1270 1504 1326 omnis
1537 1272 1703 1328 homo
1735 1275 1820 1326 oet
1847 1269 1968 1326 ani-

497 1361 610 1416 mal
643 1360 930 1434 rationale,
975 1363 1032 1416 ct
1073 1376 1184 1432 quo
1215 1359 1477 1415 remotius
1515 1377 1682 1431 genus
1712 1359 1963 1432 sumitur,

495 1451 598 1506 hoc
638 1449 864 1506 habebis
907 1448 1221 1505 accuratius.
1297 1449 1406 1504 Pro
1449 1447 1564 1504 UN
1607 1449 1840 1521 eligatur
1884 1453 1966 1504 ta-

493 1537 581 1610 lis,
622 1552 732 1610 qua
774 1541 1037 1610 negentur
1079 1539 1148 1593 de
1185 1554 1245 1592 se
1286 1537 1522 1592 invicem
1552 1537 1755 1610 species
1797 1553 1967 1609 quam

495 1625 738 1682 maxime
767 1625 1001 1682 invicem
1027 1625 1240 1682 vicinae
1259 1626 1364 1682 sub
1393 1625 1587 1682 eodem
1615 1643 1811 1698 genere
1839 1641 1965 1699 pro-

493 1715 664 1787 ximo,
710 1730 762 1768 v.
785 1733 834 1787 g.
876 1715 1043 1771 homo
1085 1718 1142 1770 et
1183 1715 1433 1771 brutum:
1477 1718 1534 1770 et
1565 1731 1706 1787 quae
1746 1732 1863 1771 non
1890 1715 1965 1771 sit

490 1799 864 1860 convertibilis
907 1821 1004 1878 per
1045 1803 1565 1878 contrapositionem
1607 1803 1668 1859 in
1694 1804 1819 1876 UA,
1864 1821 1962 1860 seu

491 1891 648 1962 cujus
687 1909 865 1964 neque
904 1891 1209 1961 subjectum
1259 1908 1436 1974 neque
1476 1892 1849 1966 praedicatum
1890 1893 1964 1949 sit

493 1981 756 2038 taen‘minus
779 1981 1037 2038 infinitus.
1102 1981 1210 2037 Pro
1250 1980 1296 2036 P
1331 1980 1440 2050 (J)
1469 1981 1524 2035 A
1551 1985 1798 2037 sumatur
1821 1999 1964 2038 sem·

491 2087 590 2144 per
631 2069 758 2126 talis
799 2085 942 2142 quae
981 2085 1096 2126 non
1124 2069 1197 2124 sit
1227 2069 1542 2125 subalterna
1572 2070 1802 2140 alicuius
1823 2071 1959 2143 UA,

489 2159 588 2214 sed
628 2157 688 2214 in
729 2174 841 2231 qua
883 2159 952 2214 de
992 2175 1188 2232 genere
1229 2173 1394 2230 quam
1437 2159 1680 2214 maxime
1721 2159 1960 2231 generali

491 2247 703 2304 dicatur
753 2247 956 2320 species
1009 2246 1420 2320 particulariter.
1505 2247 1614 2303 Pro
1669 2247 1779 2318 (J)
1834 2248 1880 2303 P
1893 2249 1958 2304 N.

489 2341 736 2392 sumatur
775 2351 916 2409 quae
957 2353 1072 2392 non
1112 2335 1187 2390 sit
1223 2336 1538 2392 subalterna
1571 2335 1801 2406 aliciu’us
1822 2337 1873 2392 U
1889 2337 1957 2409 N,

489 2429 548 2481 et
588 2423 742 2494 cujus
797 2427 989 2480 neuter
1041 2423 1305 2480 terminus
1348 2425 1424 2479 sit
1463 2425 1730 2498 infinituS,
1790 2430 1848 2481 ct
1899 2425 1961 2481 in

485 2507 597 2586 qua
637 2517 865 2586 negetur
893 2512 962 2570 de
999 2529 1194 2586 genere
1226 2513 1467 2569 maxime
1493 2518 1706 2571 remoto
1738 2514 1958 2587 species

486 2602 648 2667 Quod
703 2601 945 2658 diximus
997 2601 1066 2658 de
1121 2601 1368 2658 terminis
1423 2602 1649 2658 infinitis
1695 2602 1957 2676 vitandiS,

387 2707 467 2762 30
487 2690 606 2760 ejus
635 2690 778 2746 ratio
809 2706 957 2746 nunc
987 2691 1222 2764 patebit:
1267 2691 1482 2747 Prodiit
1511 2691 1794 2759 cuiusdam
1813 2691 1848 2746 J
1862 2692 1959 2750 oli.

487 2779 872 2852 christoph.
917 2779 1204 2837 Sturmii
1245 2779 1629 2852 compendium
1669 2780 1961 2836 Universa·

485 2869 623 2925 lium
665 2885 761 2925 seu
782 2868 1186 2943 Metaphysicae
1212 2868 1518 2941 Euclideae,
1563 2869 1650 2925 ed.
1677 2869 1732 2925 8.
1768 2869 1959 2943 Hagae

365 3028 370 3031 Ι
482 2974 631 3014 anno
683 2958 866 3015 1660.
911 2959 1057 3031 apud
1099 2958 1384 3014 Adrian.
1424 2958 1656 3031 Vlacq.
1724 2960 1824 3015 Cui
1860 2976 1959 3015 an-

481 3046 675 3103 nexuit
701 3063 876 3103 novos
903 3047 1171 3119 quosdam
1206 3046 1400 3103 modos
1427 3048 1790 3121 syllogisticos
1834 3065 1870 3103 a
1898 3065 1957 3104 se

481 3136 896 3208 demonstr-mm,
925 3136 1021 3207 qui
1046 3152 1237 3192 omnes
1265 3136 1516 3191 videntur
1529 3136 1696 3204 juxta
1713 3153 1958 3193 commu·

481 3240 610 3280 nem
641 3224 968 3281 sententiam
987 3224 1286 3297 impingere
1305 3224 1364 3279 in
1388 3225 1618 3279 alteram
1639 3228 1727 3282 vel
1749 3230 1956 3281 utram-

479 3329 587 3386 que
613 3313 806 3369 harum
831 3312 1064 3369 duarum
1082 3313 1392 3384 regularum
1418 3314 1726 3384 qualitatis:
1755 3331 1830 3369 ex
1855 3331 1956 3388 pu·

479 3401 559 3457 ris
614 3400 880 3473 negativis
937 3400 1262 3473 qualitatem
1323 3401 1462 3457 nihil
1521 3402 1798 3475 sequitur-3,
1866 3407 1949 3458 et:

479 3488 754 3545 conclusio
794 3489 1038 3561 sequitur
1079 3489 1358 3546 debilioris
1391 3505 1463 3545 ex
1493 3490 1820 3562 praemissis,
1875 3491 1953 3549 Ut

479 3580 668 3633 tamen
718 3581 864 3633 recte
916 3578 1174 3651 procedat
1227 3583 1611 3651 argumentum
1663 3580 1752 3636 vel
1803 3594 1953 3635 assu-

477 3665 584 3722 mit
601 3666 1030 3739 propositionem
1049 3667 1436 3725 affirmativam
1467 3666 1668 3723 infiniti
1697 3666 1949 3741 subjecti,

471 3771 618 3827 quae
659 3759 770 3811 stet
808 3772 911 3831 pro
939 3756 1194 3829 negativa
1229 3756 1396 3812 finiti·
1383 3794 1399 3827 ‚
1445 3760 1544 3812 aut
1570 3760 1778 3813 contra.
1823 3774 1875 3812 v.
1898 3774 1949 3829 g.

475 3844 874 3918 aequipollent:
917 3845 1156 3911 Quidam
1195 3862 1312 3902 non
1354 3845 1494 3919 lapis
1528 3852 1612 3902 est
1651 3848 1848 3903 homo:
1894 3848 1952 3903 et

474 3933 703 4005 quidam
743 3934 882 4007 lapis
925 3952 1040 3992 non
1081 3938 1166 3989 oet
1206 3934 1391 3991 homo.
1457 3934 1689 4003 (Verum
1720 3938 1945 4007 annoto,

475 4037 592 4077 non
633 4024 924 4094 procedere
965 4023 1026 4078 in
1059 4022 1370 4095 universali,
1404 4027 1612 4095 contra,
1658 4040 1710 4077 v.
1733 4040 1784 4095 g.
1818 4024 1951 4079 Om-

475 4109 564 4165 nis
606 4108 746 4181 lapis
787 4127 904 4166 non
957 4115 1040 4165 est
1080 4111 1262 4165 homo.
1307 4112 1370 4165 E.
1415 4110 1610 4167 Omnis
1651 4127 1766 4166 non
1808 4111 1949 4183 lapis

474 4201 562 4254 cst
612 4198 832 4268 homo).
917 4196 1020 4253 Vel
1071 4201 1315 4254 assumat
1377 4198 1692 4271 negativam
1745 4197 1947 4255 infiniti

475 4284 775 4359 praedicati
826 4302 930 4360 pro
985 4286 1315 4342 affirmativa
1368 4286 1539 4359 finiti:
1593 4287 1682 4343 vel
1734 4292 1945 4361 contra,

473 4392 528 4429 v.
553 4392 605 4447 g.
647 4374 1046 4448 aequipollent:
1091 4373 1270 4429 omnis
1311 4375 1662 4449 philosophus
1705 4393 1820 4432 non
1862 4380 1948 4433 est

470 4480 590 4519 non
609 4462 808 4535 homo3
853 4467 935 4519 et:
981 4466 1065 4519 est
1084 4464 1264 4519 homo.
1334 4462 1438 4520 Vel
1462 4464 1518 4520 3.
1550 4471 1792 4521 assumat
1822 4466 1946 4521 loco

473 4552 635 4607 datae
653 4568 972 4609 conversam
992 4551 1110 4621 ejus
1131 4570 1229 4627 per
1247 4553 1779 4626 contrapositionem.
1816 4556 1945 4611 Jam

472 4640 580 4697 UA
621 4642 957 4698 convertitur
997 4659 1096 4716 per
1135 4647 1380 4716 contrap.
1423 4642 1486 4701 in
1514 4643 1634 4700 UN.
1666 4644 1718 4701 U
1749 4649 1805 4700 et
1825 4644 1941 4700 PN.

473 4730 533 4787 in
557 4730 673 4787 PA.
701 4729 782 4786 ita
825 4732 982 4787 facile
1024 4730 1109 4787 illi
1151 4737 1237 4788 est
1276 4733 1468 4788 elicere
1510 4750 1583 4788 ex
1626 4733 1776 4805 puris
1818 4751 1941 4806 neg.

467 4820 862 4892 affirmantem,
919 4820 968 4874 si
1019 4820 1306 4891 negativae
1357 4819 1475 4889 ejus
1529 4822 1666 4877 tales
1707 4828 1837 4879 sunt
1879 4827 1943 4879 ut

468 4911 618 4965 stent
657 4924 758 4980 pm
801 4908 1172 4979 affirmativis:
1216 4909 1354 4963 item
1395 4925 1468 4965 ex
1495 4909 1552 4965 A
1571 4914 1628 4965 et
1649 4910 1700 4965 N
1745 4911 1939 4969 elicere

463 4996 850 5069 affinnantem,
893 4996 944 5051 si
973 4996 1081 5053 ista
1113 5000 1222 5053 stet
1253 5014 1356 5069 pro
1387 4998 1658 5070 negativa.
1724 4998 1812 5055 lta
1840 5017 1937 5073 pa-

2084 465 2139 510 0
2176 473 2233 529 8.
2278 474 2316 529 f.
2344 473 2490 528 256.
2524 471 2695 542 juxta
2734 475 2985 530 nostrum
3026 471 3311 531 calculum.
3374 473 3565 531 Simi-

2063 562 2133 617 lis
2176 565 2290 619 fere
2330 562 2476 618 ratio
2518 565 2603 617 est
2656 561 2963 634 syllogismi
3004 561 3121 632 ejus
3164 563 3237 620 de
3278 579 3389 636 quo
3430 565 3567 620 Lo-

2063 651 2169 722 gici
2190 651 2497 724 disputant:
2542 650 2862 723 Quicunque
2892 669 3007 708 non
3026 651 3257 708 credunt
3274 653 3568 708 damnan-

2064 745 2169 796 tur.
2235 739 2431 796 Judaei
2473 754 2589 795 non
2620 739 2864 794 credunt.
2930 741 2995 796 E.
3020 740 3365 798 damnantur.
3433 741 3565 797 Sed

2065 828 2183 898 ejus
2224 827 2637 901 expeditissima
2686 827 2890 884 solutio
2932 833 3041 902 est,
3098 829 3369 886 minorem
3421 847 3566 886 esse

2064 919 2459 988 affirmantem:
2502 917 2633 988 quia
2676 917 2888 973 medius
2930 919 3196 974 terminus
3236 921 3569 975 affirmatur

2066 1007 2136 1062 de
2180 1006 2407 1062 minore.
2474 1005 2691 1062 Medius
2734 1006 2999 1062 terminus
3042 1012 3227 1064 autem
3268 1025 3385 1064 non
3426 1013 3529 1064 est
3542 1025 3561 1061 ε

2065 1097 2312 1167 credere,
2358 1094 2481 1150 sed:
2526 1111 2641 1150 non
2668 1095 2885 1150 credere
2898 1136 2915 1168 ,
2962 1095 3021 1151 id
3048 1096 3201 1152 enim
3242 1097 3564 1170 praeexsti-

2069 1184 2139 1240 tit
2178 1185 2240 1241 ιιι
2282 1181 2481 1252 majori
2525 1200 2681 1257 prop.
2746 1183 2876 1240 Non
2918 1201 3143 1258 possum
3184 1185 3273 1242 hic
3297 1190 3563 1259 praeter·

2066 1273 2147 1328 ire
2191 1273 2418 1328 modum
2470 1271 2703 1346 Das-opti
2746 1288 2819 1328 ex
2862 1272 3146 1344 ingenioso
3188 1274 3413 1331 invento
3459 1274 3558 1332 Cl.

2066 1361 2430 1418 Thomasii
2484 1361 2674 1416 nostri.
2748 1361 2801 1416 Is
2846 1363 3159 1418 observavit
3213 1380 3286 1418 ex
3328 1364 3557 1420 Ramo

2066 1451 2237 1507 Schol.
2260 1451 2490 1506 Dialect.
2512 1450 2610 1506 lib.
2640 1449 2694 1504 7.
2716 1467 2763 1504 c.
2790 1451 2847 1506 6.
2868 1467 2990 1524 pag.
3013 1467 3087 1507 m.
3114 1452 3257 1508 214.
3304 1453 3561 1508 Conver-

2064 1541 2277 1596 sioncm
2320 1555 2478 1612 posse
2510 1539 2874 1596 demonstrari
2904 1556 3004 1613 per
3034 1541 3411 1614 syllogismum
3446 1543 3560 1598 ad·-

2056 1628 2303 1698 jiciendo
2345 1628 2777 1702 propositionem
2818 1628 3145 1702 identicam3
3190 1646 3242 1685 v.
3265 1649 3314 1702 g.
3337 1631 3448 1688 UA
3484 1631 3557 1686 in

2064 1717 2179 1774 PA.
2233 1717 2339 1772 sic:
2395 1733 2559 1773 onme
2604 1733 2651 1768 α
2694 1721 2778 1773 oet
2818 1733 2882 1788 γ.
2928 1734 3093 1774 omne
3143 1735 3191 1770 α
3230 1725 3315 1775 est
3358 1736 3405 1771 α
3452 1719 3557 1789 (si

2062 1807 2125 1862 in
2172 1805 2324 1862 3tiae
2366 1806 2535 1862 modo
2556 1806 2787 1878 Darapti
2831 1806 2999 1878 velis:
3043 1807 3133 1863 vel
3176 1823 3340 1864 omne
3372 1825 3424 1879 γ
3460 1812 3556 1864 oet

2063 1912 2114 1968 γ
2156 1895 2205 1950 si
2248 1895 2310 1950 in
2358 1895 2489 1950 4tae
2531 1894 2701 1950 modo
2728 1895 3016 1968 Baralip.).
3071 1896 3218 1968 Ergo
3260 1898 3555 1970 quoddam

2062 2000 2113 2055 ’γ
2154 1988 2240 2040 est
2283 1999 2344 2037 α.
2407 1983 2549 2039 Item
2590 1983 2690 2038 ΡΛ
2732 1985 2795 2040 ιιι
2836 1983 2951 2039 ΡΑ.
3013 1985 3133 2042 Sic:
3177 1986 3469 2051 Quoddam
3494 2004 3553 2038 α

2062 2076 2147 2128 est
2174 2089 2238 2144 γ.
2296 2073 2474 2128 Omne
2518 2088 2565 2123 α
2606 2076 2691 2128 est
2734 2088 2782 2123 α
2826 2072 2903 2141 (si
2944 2073 3005 2130 in
3052 2073 3203 2130 3tiae
3245 2074 3411 2130 modo
3442 2074 3552 2130 Di-

2058 2161 2229 2216 samis
2270 2161 2435 2233 veli5,
2491 2160 2579 2216 vel
2634 2177 2799 2216 omne
2838 2176 2891 2232 γ
2933 2165 3017 2218 oet
3056 2179 3130 2236 γ,
3192 2163 3240 2218 si
3298 2163 3359 2220 in
3405 2165 3549 2220 4tae

2062 2250 2229 2305 modo
2272 2249 2526 2320 Ditabis)
2572 2249 2717 2322 Ergo
2758 2249 3035 2322 quoddam
3076 2267 3128 2323 γ
3168 2257 3252 2308 est
3296 2269 3357 2306 α.
3402 2253 3548 2308 item

2060 2339 2175 2394 UN
2218 2337 2279 2396 ιιι
2324 2337 2437 2393 UN
2483 2337 2580 2407 (in
2620 2355 2801 2394 cesare
2847 2337 3016 2410 2dae)
3060 2339 3165 2395 sic:
3213 2341 3443 2398 Nullum
3495 2359 3547 2393 α

2060 2431 2143 2482 est
2164 2443 2232 2500 γ,
2278 2427 2457 2484 Omne
2486 2443 2536 2498 γ
2565 2431 2647 2482 est
2678 2443 2744 2499 γ.
2814 2427 2961 2500 Ergo
3004 2429 3230 2486 Nullum
3274 2447 3324 2502 y
3355 2435 3443 2487 oet
3476 2447 3541 2486 α.

2059 2517 2201 2574 Item
2243 2516 2352 2572 ΡΝ
2396 2516 2486 2572 vel
2538 2515 2600 2570 in
2641 2516 2851 2572 Baroeo
2912 2517 3062 2574 3tiae
3103 2517 3208 2574 sic:
3264 2520 3445 2576 Omne
3490 2535 3544 2570 α

2060 2608 2144 2660 est
2188 2620 2249 2659 α.
2315 2605 2607 2670 Quoddam
2650 2622 2699 2657 α
2741 2621 2858 2660 ιιοιι
2898 2610 2983 2663 est
3015 2623 3079 2679 y.
3148 2608 3211 2664 E.
3255 2609 3545 2680 quoddam

2060 2711 2110 2766 γ
2152 2709 2267 2748 ιιοιι
2310 2698 2393 2750 est
2426 2710 2486 2748 α.
2533 2693 2650 2764 (vel
2692 2693 2753 2751 ιιι
2773 2695 3005 2752 Colanto
3040 2697 3198 2753 4tae:
3242 2697 3543 2762 Quoddam

2061 2799 2109 2834 α
2131 2799 2245 2838 ιιοιι
2287 2786 2371 2838 oet
2392 2798 2455 2853 γ.
2517 2784 2696 2839 Omne
2738 2800 2790 2856 y
2832 2789 2915 2839 est
2942 2800 3006 2855 γ.
3074 2785 3223 2858 Ergo
3256 2787 3541 2860 quoddam

2057 2887 2109 2944 γ
2150 2887 2266 2929 ιιοιι
2308 2876 2393 2928 est
2436 2873 2539 2943 α).
2617 2872 2773 2930 Idem
2825 2871 2991 2947 igitur
3034 2873 3149 2948 ipse
3192 2875 3255 2933 in
3296 2877 3541 2933 Conver-

2058 2959 2212 3017 sione
2256 2978 2353 3033 per
2395 2962 2927 3034 Contrapositionem
2970 2964 3218 3020 tentavit.
3261 2982 3315 3021 v.
3336 2984 3388 3039 g.
3432 2966 3539 3023 hu-

2051 3048 2145 3119 jus
2168 3050 2291 3105 PN.
2347 3050 2585 3115 Quidam
2612 3052 2780 3107 homo
2806 3066 2918 3106 non
2948 3056 3031 3107 oet
3056 3052 3273 3126 doctuS‚
3306 3054 3364 3109 in
3392 3054 3538 3111 hanc

2056 3138 2166 3195 ΡΑ
2208 3138 2409 3194 infiniti
2452 3138 2685 3207 subjecti
2716 3138 2993 3212 quoddam
3034 3156 3149 3197 uon
3182 3142 3404 3199 doctum
3448 3148 3539 3199 oet

2056 3228 2236 3283 homo.
2302 3228 2659 3299 Syllogismus
2702 3228 2761 3284 in
2792 3228 3025 3302 Daropti
3053 3228 3160 3285 erit
3200 3231 3353 3287 talis:
3398 3232 3537 3287 Om-

2056 3316 2141 3371 nis
2184 3316 2350 3371 homo
2394 3320 2480 3371 est
2518 3318 2713 3390 homo,
2768 3316 3007 3383 Quidam
3067 3318 3233 3375 homo
3284 3336 3399 3375 non
3444 3325 3535 3377 aet

2056 3404 2262 3461 doctus.
2307 3406 2372 3459 E.
2396 3406 2674 3478 quoddam
2716 3407 2862 3477 quod
2908 3422 3023 3462 non
3066 3412 3150 3463 est
3180 3408 3403 3465 doctum
3446 3413 3537 3465 est

2053 3494 2234 3549 homo.
2301 3494 2595 3549 Observari
2638 3499 2825 3551 tamen
2864 3495 2952 3551 hic
2994 3496 3104 3552 duo
3148 3496 3362 3554 debent.
3420 3498 3533 3553 Mi-

2052 3598 2244 3639 norem
2266 3581 2434 3650 juxta
2453 3583 2823 3640 Sturmianam
2853 3584 3159 3643 doctrinam
3179 3586 3353 3643 videri
3369 3588 3539 3660 quasi

2052 3686 2155 3743 pro
2195 3670 2307 3726 alia
2348 3672 2616 3744 positam:
2660 3673 2898 3737 Quidam
2938 3676 3104 3731 homo
3146 3680 3230 3731 aet
3272 3692 3389 3732 non
3430 3677 3532 3733 do-

2050 3763 2199 3831 ctus-3
2243 3759 2441 3816 deinde
2483 3761 2733 3817 omnium
2774 3762 2983 3836 optime
3024 3762 3103 3819 sic
3146 3762 3284 3819 dici:
3328 3781 3531 3839 propo-

2049 3846 2264 3904 sitionis
2307 3848 2495 3918 huius:
2539 3850 2779 3915 Quidam
2818 3851 2986 3907 homo
3028 3868 3144 3909 non
3186 3857 3271 3909 est
3311 3854 3527 3926 doctus,

2048 3952 2367 3993 conversam
2416 3955 2514 4011 per
2556 3939 3073 4012 contrapositionem
3126 3942 3345 4015 proprie
3384 3944 3531 3999 hanc

2050 4042 2167 4081 esse
2218 4025 2389 4081 etiam
2444 4028 2785 4099 negativam:
2840 4030 3199 4094 Quoddam
3251 4031 3531 4089 doctum

2048 4130 2185 4169 non
2226 4117 2332 4169 est
2371 4131 2507 4171 non
2548 4132 2687 4173 non
2723 4116 2955 4190 bomo,
2988 4122 3045 4173 et
3076 4119 3137 4175 in
3168 4120 3529 4177 conversione

2048 4218 2147 4274 per
2166 4204 2629 4276 contrapositione
2648 4205 2945 4263 identicam
2978 4206 3157 4279 ipsam
3188 4208 3385 4265 debere
3404 4226 3527 4265 esse

2046 4292 2490 4366 contrapositam,
2522 4294 2583 4351 id
2612 4294 2854 4351 ostendit
2882 4295 3227 4369 syllogismus
3252 4296 3375 4365 jam
3405 4314 3525 4354 non

2046 4379 2283 4453 amplius
2304 4380 2364 4435 in
2385 4382 2635 4456 Daropti‚
2658 4384 2753 4439 sed
2774 4384 3015 4440 Baroeo:
3060 4385 3293 4442 Omnis
3322 4388 3525 4443 homo

2046 4472 2153 4524 est
2193 4485 2333 4526 non
2373 4487 2511 4527 non
2552 4472 2751 4530 bomo
2809 4472 2909 4541 (id
2962 4476 3075 4547 est5
3130 4475 3311 4531 omnis
3350 4476 3525 4533 homo

2045 4562 2128 4613 est
2156 4557 2349 4627 homo)
2382 4559 2673 4625 Quidam
2700 4561 2901 4619 homo
2944 4578 3085 4618 non
3124 4566 3227 4619 est
3258 4564 3521 4621 doctus.

2043 4647 2189 4719 Ergo
2218 4648 2571 4711 Quoddam
2610 4649 2885 4707 doctum
2914 4668 3047 4708 non
3077 4656 3348 4709 estnon
3382 4670 3523 4711 non

2041 4734 2124 4791 ho
2138 4752 2239 4791 mo
2264 4736 2351 4805 (id
2388 4742 2471 4792 est
2501 4738 2777 4810 quoddam
2798 4758 2914 4796 non
2944 4742 3169 4797 doctum
3196 4747 3281 4798 est
3301 4742 3519 4814 homo).

2042 4824 2327 4880 Caeterum
2346 4824 2685 4884 Sturmianos
2728 4829 2855 4885 illos
2898 4830 3091 4887 modos
3121 4830 3361 4887 arbitror
3400 4850 3522 4889 non
3541 4830 3621 4885 33

2041 4914 2250 4968 formae
2292 4914 2387 4969 sed
2432 4916 2695 4973 materiae
2735 4918 2951 4975 ratione
2992 4919 3341 4993 concludere,
3383 4921 3521 4993 quia

2039 5002 2185 5073 quod
2239 5004 2461 5059 termini
2515 5005 2603 5060 vel
2654 5005 2797 5061 finiti
2850 5008 2936 5063 vel
2990 5008 3193 5065 infiniti
3246 5009 3359 5065 sint
3401 5027 3521 5067 non

469 5089 548 5141 tet
599 5102 788 5142 omnoe
839 5085 964 5143 illas
1011 5086 1048 5141 8
1095 5085 1426 5144 variationes
1478 5086 1762 5159 qualitatis
1817 5091 1935 5145 fore
2034 5090 2107 5146 ad
2151 5092 2386 5151 formam
2428 5094 2819 5169 propositionis
2868 5112 2967 5153 seu
3006 5100 3263 5172 copulam
3304 5104 3404 5155 aut
3442 5100 3519 5155 si-

365 5194 377 5207 ’
462 5174 646 5249 utiles,
687 5178 744 5233 et
785 5192 883 5249 per
909 5190 1242 5255 consequens
1271 5176 1466 5233 modos
1495 5176 1658 5235 utiles
1687 5180 1806 5235 fore
1829 5178 1929 5235 32.

2033 5195 2203 5253 guum
2246 5182 2510 5256 pertinet,
2564 5184 2661 5241 sed
2704 5184 2777 5241 ad
2829 5186 3109 5244 terminos.
3186 5187 3515 5247 Desinemus
