3717 5850
1371 353 2165 418 PRAEFATIO.
3217 362 3365 426 xlx

245 480 577 568 XXXVI,
643 485 1014 576 Systeme
1063 509 1427 556 nouveau
1491 485 1582 556 de
1635 487 1710 556 la
1763 500 2047 558 nature
2100 501 2177 558 et
2234 489 2324 558 de
2376 491 2452 558 la
2505 496 3169 564 communication
3224 495 3358 566 des

69 594 580 686 substances,
626 600 1136 670 Commentarius
1181 627 1375 694 quem
1418 603 1806 674 dissimulato
1849 606 2107 674 nomine
2151 616 2336 674 autor
2374 607 2440 676 in
2482 607 2773 677 Diarium
2818 610 3127 678 Gallicum
3168 611 3357 681 inseri

69 713 318 780 miravit
335 736 518 782 anno
547 714 950 800 MDCXCV;
995 739 1143 808 quo,
1187 728 1260 786 ut
1303 741 1384 787 ex
1427 719 1690 812 epistola
1731 719 1812 788 ad
1837 719 2399 814 Magliabecchium
2441 745 2633 815 supra
2670 723 2922 794 laudata
2962 737 3027 795 et
3054 729 3357 819 exipsius

65 825 264 917 hujus
311 831 673 923 scriptionis
713 835 888 900 initio
917 832 1156 922 elucet,
1215 856 1292 901 ea
1346 837 1743 904 continentur
1799 859 1964 928 quae
2006 859 2157 904 cum
2184 836 2455 906 Arnaldo
2502 841 2637 930 jam
2694 849 2879 908 antea
2921 844 3350 912 communica·-

69 953 276 1010 verat.
359 945 740 1037 Sequuntur
782 973 948 1040 quae
989 948 1042 1014 F
1045 948 1360 1018 oucherus
1399 949 1706 1019 Leibnitio
1751 952 2073 1043 opposuit:

255 1057 596 1130 XXXVII.
649 1062 1020 1154 Reponse
1074 1063 1166 1132 de
1210 1064 1338 1132 Mr.
1381 1065 1738 1135 Foucher
1793 1066 1831 1134 ἒι
1876 1067 1999 1134 Mr.
2042 1065 2364 1135 Leibniz
2420 1073 2551 1135 sur
2606 1092 2745 1136 son
2804 1093 3173 1138 nouveau
3218 1095 3349 1162 sy-

69 1176 346 1243 steme.
443 1177 636 1262 Quae
691 1202 842 1246 cum
893 1179 1126 1248 inserta
1183 1191 1398 1248 essent
1439 1180 1660 1248 Diario
1705 1180 1929 1274 gallico
1976 1185 2121 1251 anni
2163 1181 2563 1266 MDCXCV,
2606 1183 2951 1254 Leibnitius
2996 1209 3163 1278 quae
3204 1208 3345 1254 rur-

71 1311 220 1357 sum
263 1292 706 1384 respondisset
745 1295 952 1363 eidem
995 1293 1188 1362 diario
1230 1297 1420 1364 inseri
1461 1297 1732 1365 curavit:

253 1404 622 1477 XXXVIII.
665 1407 1368 1479 Eclaircissement
1411 1409 1508 1479 du
1551 1434 1915 1481 nouveau
1959 1413 2304 1503 systeme
2348 1413 2439 1480 de
2479 1412 2558 1480 la
2600 1417 3179 1484 comunication
3220 1415 3353 1484 des

75 1518 600 1606 substances‚
657 1548 854 1617 pour
899 1527 1161 1592 servir
1215 1525 1310 1594 de
1364 1528 1706 1616 repense
1763 1549 1860 1593 au
1904 1529 2275 1596 memoire
2332 1529 2423 1596 de
2466 1527 2591 1596 Mr.
2638 1527 3034 1612 Foucher,
3088 1531 3353 1598 insere

78 1634 264 1702 dans
309 1636 396 1706 le
433 1639 750 1730 joui-nal
790 1638 924 1709 des
969 1640 1274 1708 Savans
1319 1639 1417 1708 du
1465 1646 1568 1709 12.
1601 1642 1808 1734 Sept.
1856 1642 2048 1711 1695.
2138 1645 2439 1735 Sequitur
2478 1643 2643 1711 hanc
2688 1643 3172 1736 explicationem
3216 1643 3353 1727 alia,

75 1753 202 1834 cui,
243 1754 372 1820 etsi
417 1753 610 1843 paulo
655 1766 798 1823 ante
839 1754 1012 1822 illam
1053 1753 1312 1846 vulgata
1355 1758 1452 1839 sit,
1497 1767 1712 1824 tamen
1755 1779 1907 1824 cum
1950 1756 2265 1825 Dutensio
2310 1757 2481 1825 hunc
2522 1757 2712 1825 indidi
2754 1759 3035 1827 titulum:

251 1865 568 1936 XXXIX.
621 1869 929 1938 Second
973 1867 1666 1959 {claircissement
1718 1871 1820 1940 du
1863 1875 2215 1962 systeme
2261 1872 2353 1940 de
2393 1871 2465 1938 la
2510 1874 3171 1941 communication
3216 1874 3352 1942 des

75 1981 574 2052 substances.
665 1985 848 2070 Quae
902 1986 1262 2075 systematis
1318 1985 1675 2078 explanatio
1731 1987 1794 2055 in
1839 1986 2136 2079 Basnagii
2193 1987 2447 2056 historia
2504 2010 2770 2077 operum
2813 1987 3145 2080 doctorum
3186 2011 3351 2056 anno

73 2095 513 2168 MDCXCVI.
553 2101 828 2192 primum
872 2100 1057 2184 edita,
1099 2100 1268 2193 apud
1308 2099 1695 2170 Dutensium
1734 2100 1965 2195 legitur
2018 2103 2057 2172 1.
2101 2127 2153 2171 c.
2198 2129 2257 2197 p.
2302 2105 2407 2173 71.

255 2209 404 2280 XL.
464 2215 900 2284 Troisieme
955 2214 1660 2286 &claircissement
1756 2218 2069 2286 Extrait
2120 2218 2345 2287 d’une
2397 2217 2641 2286 lettre
2697 2216 2790 2285 de
2843 2215 2969 2285 Mr.
3026 2215 3353 2284 Leibniz

71 2351 210 2396 sur
273 2352 422 2398 son
471 2329 924 2424 hypothese
977 2331 1072 2400 de
1124 2329 1632 2423 philosophie
1686 2343 1766 2400 et
1819 2357 1957 2402 sur
2009 2333 2079 2404 le
2133 2332 2540 2427 probl'eme
2592 2334 2925 2402 curieux
2980 2338 3217 2423 qu'un
3262 2330 3353 2398 de

75 2469 204 2511 ses
259 2447 459 2512 amis
503 2469 846 2539 propose
890 2469 1038 2514 aux
1067 2446 1774 2516 Mathematiciens.
1839 2447 2085 2517 Mutato
2128 2451 2386 2520 nomine
2426 2448 2550 2517 hoc
2595 2447 2895 2540 epistolae
2914 2451 3353 2541 fragmentum,

73 2559 302 2629 Diario
348 2559 574 2653 gallico
619 2585 784 2630 anno
825 2561 1234 2630 MDCXCVI
1275 2565 1552 2655 primum
1591 2565 1919 2647 insertum,
1962 2565 2058 2633 bis
2110 2566 2176 2634 in
2218 2565 2517 2633 Dutensii
2554 2563 2823 2632 editione
2866 2563 3173 2654 reperitur
3210 2561 3269 2636 1.,
3296 2586 3350 2630 c.

75 2699 134 2767 p.
166 2678 264 2745 73
307 2687 378 2744 et
401 2699 464 2768 p.
497 2679 795 2746 94-97,
869 2677 1134 2746 Servavi
1160 2699 1320 2768 quas
1345 2677 1694 2747 Dutensius
1721 2682 2023 2771 imposuit
2046 2681 2495 2770 inscriptiones,
2536 2681 2622 2746 ita
2652 2688 2726 2746 ut
2752 2702 2859 2747 eas
2888 2681 3352 2770 conjungerem.

259 2790 404 2859 XL.
446 2793 510 2862 b.
553 2791 990 2861 Schreiben
1035 2815 1127 2861 an
1175 2790 1492 2861 Gabriel
1540 2795 1893 2887 Wagner.
1969 2798 2159 2864 Vom
2203 2794 2512 2863 Nutzen
2558 2793 2689 2862 der
2727 2793 3353 2862 Vernunftkunst

79 2906 270 2977 oder
313 2907 426 2977 Lo
436 2908 578 3001 gik.
641 2907 821 2977 Haec
862 2906 1148 3000 epistola,
1191 2932 1356 2975 anno
1401 2907 1818 2979 MDCXCVI
1864 2913 2235 3005 conscripta,
2280 2912 2555 3003 primum
2600 2909 2764 2979 edita
2808 2920 2905 2978 est
2946 2911 3011 2977 in
3056 2907 3349 2977 Guhrau-

77 3026 170 3091 eri
211 3024 378 3092 libro
391 3050 412 3091 ε
461 3023 832 3094 ·Leibnitz's
875 3022 1178 3094 deutsche
1223 3023 1554 3107 Schriften,
1595 3026 1760 3093 Berl.
1808 3029 2011 3109 18383
2034 3062 2061 3086 ιι
2115 3051 2307 3120 quam
2348 3026 2451 3095 hic
2494 3024 2688 3094 talem
2732 3026 3144 3115 proponimus
3188 3048 3347 3114 qua-

77 3138 154 3206 lis
197 3141 264 3207 in
306 3139 414 3207 illa
459 3139 729 3208 editione
769 3142 937 3231 typis
980 3162 1278 3232 expressa
1323 3150 1436 3207 est.
1511 3140 1911 3232 Typothetae
1954 3152 2170 3211 autem
2214 3166 2491 3211 errorem
2534 3166 2661 3233 quo
2704 3140 2865 3209 haec
2906 3138 3168 3231 epistola
3208 3139 3349 3207 loco

79 3278 210 3328 non
253 3280 379 3323 suo
425 3256 630 3348 posita
671 3257 765 3337 sit,
810 3256 1210 3323 annotatione
1255 3278 1316 3347 p.
1361 3256 1515 3325 418.
1558 3280 1860 3326 excusare
1905 3260 2113 3327 conati
2154 3280 2391 3327 sumus,

267 3368 440 3438 XLI.
505 3369 970 3438 Reflexions
1035 3393 1166 3437 sur
1228 3368 1494 3438 l'essai
1557 3371 1648 3441 de
1711 3371 2687 3453 l'entendementhumain
2755 3370 2844 3439 de
2903 3368 3029 3438 Mr.
3080 3368 3349 3437 Locke.

89 3488 314 3571 Quum
367 3484 718 3553 Leibnitius
773 3510 936 3555 anno
995 3483 1405 3555 MDCXCVI
1463 3485 1834 3571 audivisset,
1891 3491 2095 3581 parari
2148 3486 2600 3557 Amstelodami
2652 3487 3008 3555 versionem
3063 3484 3349 3577 gallicam

87 3604 292 3693 operis
317 3600 638 3683 Lockiani,
681 3602 1048 3694 conscripsit
1089 3600 1206 3669 has
1250 3602 1822 3671 animadversiones
1865 3614 1954 3687 ut,
1998 3614 2339 3695 postquam
2384 3626 2533 3671 cum
2571 3602 2807 3670 Lockio
2850 3604 3351 3669 communicatae

87 3727 304 3787 essent
315 3768 336 3799 ‚
376 3740 504 3784 una
543 3736 697 3783 cum
737 3715 846 3783 illa
885 3720 1174 3785 versione
1219 3715 1566 3785 ederentur.
1657 3718 1788 3785 Sed
1841 3742 1993 3786 cum
2035 3718 2307 3786 Lockius
2362 3742 2477 3808 pro
2520 3716 2711 3786 nihilo
2756 3740 2862 3785 eas
2907 3715 3196 3797 duceret,
3238 3738 3348 3782 su-

83 3832 364 3923 persedit
405 3842 616 3899 noster
659 3832 958 3915 editione,
1014 3856 1142 3923 quo
1185 3834 1422 3899 factum
1467 3841 1565 3898 est
1617 3840 1690 3897 ut
1733 3854 1899 3899 anno
1943 3833 2337 3901 MDCCVIH
2392 3856 2519 3900 una
2572 3856 2721 3901 cum
2766 3829 3041 3922 epistolis
3086 3830 3349 3920 posthu-

87 3950 208 4015 mis
231 3946 454 4014 Lockii
493 3944 616 4015 hae
658 3946 1226 4016 animadversiones
1255 3943 1522 4013 Londini
1565 3948 1840 4037 primum
1886 3946 2217 4015 ederentur
2260 3948 2395 4015 sine
2431 3949 2616 4038 jussu
2658 3946 2960 4013 Leibnitii.
3022 3941 3352 4034 Leguntur

89 4066 150 4130 in
191 4062 356 4148 (Des
398 4058 760 4150 Maizeaux)
804 4062 1068 4131 Recueil
1113 4074 1229 4131 etc.
1274 4062 1444 4130 Tom
1487 4061 1556 4129 11.
1601 4084 1660 4152 p.
1708 4067 1860 4131 299.
1908 4073 1971 4130 et
2015 4062 2182 4154 apud
2226 4064 2612 4130 Dutensium
2667 4060 2706 4126 l.
2752 4084 2807 4128 c.
2852 4084 2912 4151 Ρ.
2958 4061 3106 4125 218.

259 4176 453 4244 XLII.
510 4178 776 4246 Lettre
823 4179 860 4245 a
902 4176 1028 4246 Mr.
1072 4177 1320 4247 l'abbe
1363 4176 1701 4245 Nicaise.
1795 4177 1981 4262 Quae
2026 4201 2217 4269 supra
2262 4177 2627 4245 monuimus
2670 4173 2751 4241 ad
2796 4184 2907 4241 art.
2953 4170 3246 4255 XXXIII,
3284 4175 3350 4241 in

91 4282 248 4361 hanc
293 4296 486 4360 etiam
531 4290 858 4384 epistolam
902 4292 1152 4361 cadunt.
1229 4294 1480 4386 Quippe
1524 4315 1674 4361 cum
1711 4294 1844 4384 jam
1889 4294 2055 4385 typis
2100 4315 2335 4360 excusa
2380 4300 2545 4360 esset
2586 4290 2746 4357 haec
2788 4287 3061 4380 plagula,
3100 4290 3167 4355 in
3206 4312 3345 4354 ma—

87 4434 200 4477 nus
245 4408 402 4475 mihi
442 4417 754 4476 venerunt
793 4409 1140 4501 fragmenta
1184 4407 1272 4475 lu.
1305 4409 1586 4491 Cousini,
1632 4432 1796 4499 quae
1837 4410 2144 4499 integram
2186 4407 2481 4475 exhibent
2522 4405 2688 4473 hanc
2732 4402 3059 4497 epistolam
3102 4402 3345 4487 (Hanc—

87 4549 190 4592 ver
231 4528 329 4613 ἐξ,
371 4524 631 4590 Fevrier
678 4526 906 4611 1697),
953 4549 1146 4616 quam
1189 4548 1308 4593 nos
1351 4524 1577 4591 damus
1621 4522 2029 4590 decurtatam.
2103 4523 2407 4590 Ceter'um
2446 4519 2553 4587 illa
2597 4520 2859 4612 epistola
2904 4528 3151 4610 praeter
3188 4517 3347 4586 haec

85 4640 268 4708 verba
315 4662 485 4730 quae
527 4639 608 4706 ad
652 4638 1008 4707 Cartesium
1061 4650 1362 4731 spectant,
1417 4639 1504 4706 nil
1560 4641 1834 4707 continet
1881 4635 2053 4727 quod
2095 4660 2239 4705 meo
2293 4635 2689 4726 respondeat,
2732 4632 2989 4702 consilio
3033 4656 3181 4699 cum
3236 4641 3347 4699 aut

83 4780 242 4825 nova
287 4754 560 4824 literaria
605 4764 714 4820 aut
769 4754 1212 4847 etymologiam
1269 4754 1540 4821 nominis
1593 4752 2057 4819 Germanorum
2111 4760 2350 4819 tractet.
2439 4750 2643 4819 Valde
2687 4750 2941 4841 gavisus
2996 4771 3139 4813 sum
3195 4770 3344 4814 cum

95 4873 344 4940 Cousini
387 4870 660 4938 editione
704 4846 1142 4936 confirmatum
1183 4866 1482 4952 viderem,
1535 4866 1706 4959 quod
1756 4869 1821 4933 in
1878 4877 2029 4935 nota
2078 4864 2227 4935 huic
2282 4862 2583 4956 epistolae
2637 4864 2881 4932 adnexa
2932 4866 3340 4954 conjeceram.

97 4988 208 5055 Se'd
249 4987 516 5054 ubinam
559 4983 720 5051 haee
765 4984 1032 5052 Cartesii
1082 4984 1494 5051 incriminatio
1550 4982 1822 5072 primum
1868 4981 2035 5049 edita
2078 4984 2187 5064 sit,
2240 5004 2370 5050 non
2409 4983 2675 5049 invenio.
2765 4978 3074 5070 Equidem
3119 4998 3258 5043 eam
3304 5000 3343 5043 e

99 5102 138 5168 F
140 5101 300 5170 elleri
345 5100 500 5168 Otio
545 5100 966 5168 Hanoverano
981 5151 1000 5183 ,
1053 5100 1236 5168 sicuti
1277 5098 1629 5166 Dutensius
1673 5122 1930 5189 quoque
1970 5099 2233 5178 fecerat,
2288 5097 2602 5188 exscripsi.
2693 5096 2907 5181 Quam
2952 5104 3161 5159 tamen
3209 5091 3343 5182 jam

99 5228 256 5289 antea
297 5216 638 5311 vulgatam
679 5238 820 5285 esse
876 5238 957 5286 ex
1011 5215 1086 5285 iis
1141 5216 1448 5307 conjicere
1502 5236 1731 5305 queas,
1784 5236 1949 5307 quae
1990 5211 2139 5282 huic
2192 5208 2495 5303 epistolae
2536 5210 3003 5304 subjunximus,
3057 5228 3207 5275 cum
3258 5204 3347 5275 illi
