3717 5850
1176 355 1391 415 XXIII.
1460 357 2030 417 mmcULTATEs
2071 357 2404 416 LOGICAE.
3299 351 3426 419 101

154 499 371 568 qustm,
422 509 495 552 cx
524 495 635 553 isto
680 511 715 552 a
744 485 929 570 cs,'e
960 495 1077 572 BA,
1125 513 1159 554 o
1200 497 1405 570 (velo)
1438 497 1536 556 Ac
1568 499 1736 558 etiam
1783 538 1787 547 -
1837 505 2000 560 crunt
2023 501 2126 576 2⁰,
2173 499 2516 556 summam).
2582 499 2690 556 Sed
2719 505 2908 558 tumen
2937 505 2998 559 et
3027 501 3211 576 plures
3239 507 3422 578 exunt,

154 585 249 639 iste
290 581 519 643 valebit.
714 609 729 618 ·
1834 589 2104 647 suunendo
2146 605 2250 663 pro
2289 586 2758 662 propositionibus
2787 589 3146 649 inferentibus
3196 580 3310 664 eas,
3350 607 3425 648 ex

234 671 339 727 20.
384 672 667 730 Habemus
708 671 835 730 hinc
877 672 1075 730 modos
1124 674 1203 730 10
1248 689 1323 731 ex
1366 691 1477 750 reg.
1508 675 1539 731 1
1580 679 1638 733 et
1676 676 1733 732 2.
1835 679 2036 752 quibus
2077 679 2232 752 ipsae
2272 681 2588 750 sequunuir,
2631 677 2691 732 id
2733 681 2819 734 est
2847 679 3168 752 simpliciter
3197 696 3423 736 conver-

154 759 235 813 Ex
274 761 1543 837 quolibetborumfiuntduoperregmssum,
1578 764 1729 840 dum,
1782 744 1787 779 ¹
1832 783 1941 824 sas.
2029 767 2168 824 omn
2218 781 2352 822 vero
2397 781 2590 822 revera
2641 781 2760 823 non
2807 767 2918 822 nisi
2963 767 3042 822 24
3092 768 3245 826 modi
3289 769 3423 824 den·

154 849 401 920 negando
440 850 852 906 conclusionem
894 854 955 908 et
993 851 1321 908 affirmando
1363 867 1534 909 unam
1576 869 1733 926 prse-
1833 861 1941 930 tur,
1987 861 2054 912 ut
2095 855 2232 912 alias
2277 852 2646 927 ostendimus,
2691 854 2820 912 ideo
2861 871 3082 912 necesso
3121 861 3236 932 est,
3283 873 3421 914 non-

155 935 460 1013 missarum,
508 939 817 996 affirmatur
857 940 1050 997 altera.
1126 939 1617 1015 Indepneterhcs
1646 941 1725 997 10
1832 945 2016 1001 nullos
2059 945 2148 1002 bis
2189 957 2488 1000 occuli-em.

1357 1251 1466 1258 .--.-.
1540 1253 1551 1259 -
1582 1252 1668 1260 ..σ-
1710 1253 1721 1258 -
1750 1254 1785 1259 --
1820 1251 2208 1264 —--·-——----—-.q-.

1594 1530 1937 1622 xxm.
2543 1587 2550 1592 -

794 1703 1972 1799 DIFFICULTATES
2053 1705 2766 1855 QUAEDAM

1151 1894 2409 2018 LOGICAE.

928 2240 1251 2297 (oeuvrcs
1286 2241 1821 2298 philosophique:
1874 2247 1968 2288 cic.
2004 2241 2091 2287 cd.
2137 2242 2346 2298 Ruspe
2381 2253 2428 2296 p.
2464 2237 2629 2294 ⁵133.

225 2529 585 2588 Difficultntes
628 2531 898 2604 qmednm
927 2531 1137 2604 logicae
1178 2531 1363 2588 solutu
1393 2531 1592 2604 dignae
1630 2547 1721 2589 oc·
1762 2567 1779 2622 4
1821 2531 2094 2588 ridentem
2137 2547 2323 2588 sumas
2365 2545 2469 2604 pro
2523 2529 2764 2603 quadam
2817 2531 2998 2601 specie
3039 2531 3200 2588 Entis
3243 2535 3415 2606 possi-

152 2624 429 2678 mnerunt.
526 2619 637 2686 Qui
679 2621 768 2695 fit,
814 2621 963 2695 quod
1020 2619 1083 2675 in
1122 2619 1491 2693 singularibus
1532 2636 1721 2693 proce-
1768 2636 1776 2764 *
1822 2620 1970 2695 bilis,
2016 2624 2082 2677 ut
2122 2619 2296 2676 miles·
2323 2625 2408 2675 est
2449 2619 2656 2692 species
2695 2619 2956 2694 hominis,
3002 2637 3098 2677 seu
3141 2625 3205 2677 ut
3245 2622 3413 2680 homo

152 2707 223 2762 dit
262 2708 569 2782 oppositio:
624 2709 873 2765 Petrus
930 2708 1309 2782 Apostolus
1360 2711 1467 2765 est
1518 2709 1720 2766 miles
1822 2713 1910 2766 oet
1951 2708 2158 2782 species
2201 2707 2478 2782 animalis,
2523 2706 2606 2764 ita
2647 2707 2874 2780 quidam
2900 2708 3068 2765 homo
3097 2709 3297 2767 estrid

39 2851 42 2870 ,
154 2799 211 2850 et
246 2796 492 2854 Petrus
535 2796 921 2870 Apostolus
975 2814 1115 2854 non
1158 2801 1265 2854 est
1306 2795 1539 2872 miles,
1592 2814 1721 2854 cum
1770 2775 1776 2911 ³
1821 2813 2060 2870 veraque
2113 2795 2223 2852 erit
2264 2795 2598 2870 propositio,
2643 2796 2864 2852 etiamsi
2903 2797 3088 2854 nullus
3129 2798 3298 2856 homo
3339 2801 3414 2857 ri·

154 2887 317 2942 mnen
356 2891 679 2961 opponatur
731 2885 871 2944 alias
923 2885 1249 2944 universalis
1292 2886 1623 2944 affirmativa
1662 2890 1721 2944 et
1770 2914 1775 2954 Ι
1822 2885 1958 2944 dens
1999 2885 2220 2943 existat.
2291 2886 2436 2943 Sanc
2475 2884 2758 2942 conversio
2802 2902 2838 2943 a
2880 2902 2970 2944 me
3007 2886 3414 2947 demonstrauit

154 2974 479 3045 partimini-is
528 2975 823 3049 negativaz
886 2976 982 3032 An
1023 2976 1263 3033 dicemus
1314 2974 1591 3048 singulare
1632 2992 1723 3033 ase-
1769 2968 1774 3030 ἷ
1820 2975 2343 3049 pen-syllogismum
2371 2974 2812 3046 terfiaefigmae.
2895 2976 3130 3032 Omnis
3167 2976 3412 3035 ridens

156 3063 404 3133 quivalere
450 3064 773 3138 partimini-i
815 3068 874 3122 et
902 3064 1232 3121 universalil
1277 3064 1460 3121 Recte.
1529 3063 1722 3137 Itaque
1769 3047 1773 3127 Ξ
1822 3067 1930 3119 est
1956 3063 2213 3120 ridens.
2288 3062 2530 3119 Omnis
2555 3061 2791 3117 ridens
2821 3063 3168 3120 esthemo.
3223 3066 3412 3139 Ergo

155 3154 201 3205 et
246 3168 364 3208 cum
414 3152 715 3222 objicietur
766 3154 1041 3226 singulare
1092 3152 1435 3226 aequivalere
1484 3153 1723 3226 perticu-
1769 3128 1773 3205 4
1822 3151 2108 3225 quidam
2158 3152 2356 3208 homo
2411 3154 2516 3209 est
2569 3149 2840 3224 ridens,
2897 3152 3150 3226 intelligo
3209 3153 3274 3209 in
3325 3172 3412 3212 re

160 3240 261 3313 lari,
302 3242 431 3314 quia
480 3240 543 3297 in
584 3240 751 3298 tertia
792 3244 966 3315 figura
1018 3241 1297 3298 conclusio
1350 3241 1551 3297 debeat
1602 3258 1721 3297 esse
1770 3210 1773 3269 Ι
1821 3241 1984 3314 gione
2025 3241 2297 3313 Idearurm
2343 3240 2402 3296 si
2442 3239 2686 3295 ridens
2727 3244 2977 3297 sumatur
3027 3258 3129 3315 pro
3171 3242 3411 3321 hominis

154 3329 480 3399 particularis
521 3334 581 3386 et
621 3330 795 3403 possit
832 3336 1020 3387 tamen
1060 3348 1181 3387 esse
1218 3329 1509 3403 singularis
1550 3327 1635 3402 (v.
1666 3347 1716 3403 g.
1821 3330 2004 3403 specie
2047 3346 2162 3387 non
2203 3346 2307 3404 pro
2349 3328 2626 3385 ridente
2679 3330 2960 3387 actuali.
3049 3331 3410 3405 Syllogismus

156 3418 355 3475 omnis
395 3419 723 3477 scribens
775 3423 880 3475 est
920 3419 1146 3492 homo,
1200 3418 1486 3491 quidam
1540 3418 1719 3474 scri·
1822 3418 1912 3475 hic
1967 3419 2028 3474 in
2079 3419 2383 3492 Darapti
2447 3418 2812 3475 demonstrari
2863 3422 3046 3492 potest
3101 3435 3176 3476 ex
3228 3420 3410 3494 prima

156 3504 305 3562 bens
354 3511 459 3565 est
505 3508 757 3565 Petrus
800 3508 1211 3580 Apostolus,
1270 3524 1433 3580 ergo
1478 3508 1722 3563 Petu-us
1820 3524 1924 3580 per
1962 3524 2294 3581 regressum,
2341 3523 2438 3563 seu
2481 3505 2620 3563 nihil
2661 3506 2816 3563 aliud
2857 3508 3188 3565 asmmendo
3241 3524 3409 3581 quam

158 3594 517 3667 Apostolus
572 3599 677 3652 est
730 3589 963 3673 homo)
1006 3595 1379 3669 respondebo,
1422 3595 1725 3651 comlusio-
1824 3596 1972 3668 leges
2015 3596 2458 3670 oppositionum,
2510 3595 2643 3651 dum
2685 3595 2892 3651 scilicet
2931 3600 3180 3653 sumatur
3229 3598 3408 3669 Syllo-

158 3696 271 3738 nem
304 3702 493 3743 revera
550 3702 671 3741 esse
708 3684 1093 3759 particularem
1134 3688 1193 3741 et
1229 3683 1455 3757 perinde
1496 3700 1615 3740 esse
1656 3700 1721 3740 ac
1821 3683 2028 3756 gismus
2071 3684 2132 3740 in
2175 3684 2356 3759 prima
2397 3686 2456 3741 et
2507 3682 2804 3738 assumitur
2852 3684 3260 3741 conclusionem
3303 3687 3407 3742 fel·

158 3769 201 3824 si
238 3774 695 3849 conclusissemus,
741 3774 1025 3847 quidam
1052 3772 1302 3829 Petrus
1342 3773 1721 3846 Apostolus
1770 3734 1774 3814 Ι
1821 3788 1944 3827 sam
1971 3788 2089 3829 esse
2116 3774 2174 3827 et
2200 3788 2372 3827 unam
2398 3770 2816 3845 praemissarum
2845 3788 2964 3828 esse
2989 3788 3196 3828 veram.
3262 3773 3408 3831 Hinc

160 3863 253 3913 est
296 3860 511 3935 homo,
582 3878 736 3918 nam
790 3862 1069 3937 quidam
1117 3862 1361 3918 Petrus
1414 3860 1715 3933 Aposto·
1769 3871 1773 3910 !
1819 3860 2065 3932 sequitur
2089 3858 2324 3917 alteram
2349 3858 3160 3932 pmemissarumessefalmm.
3213 3860 3407 3918 Falsas

162 3944 257 4001 lus
313 3954 371 4006 et
422 3950 651 4009 omnis
704 3952 955 4009 Petrus
1008 3950 1395 4023 Apostolus
1457 3948 1720 4006 coinci-
1819 3952 2007 4005 autem
2051 3947 2388 4007 conclusioni
2431 3945 2685 4021 opposite
2725 3950 2812 4003 est
2852 3964 2998 4004 vera.

158 4034 334 4109 dunt,
376 4041 509 4113 quia
550 4040 820 4096 terminus
861 4043 947 4096 est
988 4038 1297 4113 singularis.
1908 4037 2078 4111 Leges
2153 4041 2340 4093 autem
2404 4034 2814 4109 oppositionum
2877 4034 3192 4109 primitivae
3257 4042 3402 4095 sunt.

230 4126 403 4195 Maior
442 4131 581 4186 haec
622 4133 707 4186 est
748 4128 1070 4201 difficultas,
1114 4128 1263 4201 quod
1306 4126 1591 4183 conversio
1632 4142 1719 4184 ne-
1766 4090 1773 4201 {
1819 4125 1886 4181 V.
1932 4144 1984 4198 g.
2039 4126 2263 4183 omnis
2317 4126 2516 4182 homo
2579 4127 2686 4181 est
2738 4123 3014 4181 animal.
3109 4124 3256 4183 Huic
3309 4125 3404 4195 aio
3523 4166 3534 4184 ,ι

154 4218 293 4286 oepta
330 4216 548 4274 videtur
588 4216 885 4290 aliqnando
926 4217 1185 4273 inducere
1234 4216 1463 4289 falsum,
1519 4230 1718 4289 nempe
1765 4206 1771 4238 ¹
1818 4214 2057 4289 opponi:
2099 4214 2382 4287 quidam
2409 4215 2604 4272 homo
2631 4217 2904 4273 nonest
2930 4213 3212 4271 animal.
3255 4214 3404 4272 Nam

152 4304 413 4363 conversio
464 4322 565 4378 per
606 4306 857 4363 accidens
896 4304 1223 4363 universalis
1272 4303 1603 4361 affirmative
1652 4304 1717 4359 in
1817 4304 2042 4361 omnis
2093 4304 2296 4361 homo
2347 4307 2456 4361 est
2509 4302 2772 4358 animal
2815 4301 2966 4359 idem
3017 4308 3104 4359 est
3155 4304 3312 4375 quod
3345 4304 3403 4361 A

153 4406 264 4448 oesu
292 4393 405 4467 tali,
438 4394 659 4453 omnis
702 4392 940 4451 ridens
982 4397 1087 4451 est
1124 4394 1350 4466 homo,
1380 4408 1545 4464 ergo
1573 4392 1716 4465 qui·
1814 4392 1984 4449 homo
2025 4396 2109 4449 est
2148 4391 2386 4466 animal,
2442 4392 2489 4447 B
2533 4392 2702 4448 homo
2741 4394 2826 4447 est
2867 4392 3104 4465 animal,
3149 4392 3194 4448 C
3234 4392 3402 4451 honio
3485 4428 3495 4437 -

152 4478 284 4535 dam
323 4481 528 4540 homo
570 4488 675 4540 est
714 4482 987 4555 ridens,
1040 4498 1173 4539 nam
1224 4482 1379 4555 prior
1428 4496 1561 4537 vera
1612 4485 1713 4554 est,
1813 4486 1900 4537 est
1939 4480 2149 4537 animal
2191 4486 2249 4537 et
2289 4480 2738 4552 itaincaetefis3
2783 4483 2841 4536 et
2881 4480 3160 4553 quidam
3201 4481 3402 4539 homo

150 4567 345 4625 etiamsi
387 4571 571 4627 nullus
596 4573 765 4629 homo
790 4572 1010 4646 rideret,
1056 4569 1415 4644 etposterior
1438 4584 1555 4626 non
1582 4584 1715 4626 vera
1814 4586 1950 4627 non
1993 4574 2100 4626 est
2140 4569 2432 4643 animal,
2475 4568 2616 4627 nihil
2656 4568 2811 4625 aliud
2837 4568 2973 4625 dicit
3013 4571 3258 4642 quamB
3284 4588 3402 4629 non

150 4668 251 4711 non
289 4663 399 4733 est,
455 4660 565 4715 nisi
616 4661 819 4734 aliquis
870 4662 1039 4717 homo
1091 4663 1217 4716 actu
1268 4660 1462 4715 rideat.
1552 4657 1715 4715 Prior
1812 4674 1932 4715 esse
1973 4658 2183 4715 aiiimal
2226 4658 2316 4715 vel
2359 4658 2570 4731 aliquid
2597 4657 2724 4714 tale.
2798 4657 2990 4731 ltaque
3017 4664 3398 4733 opponuntur:

150 4742 375 4817 loquitur
434 4748 503 4804 de
544 4748 913 4822 possibilibus,
956 4748 1231 4821 posterior
1268 4748 1339 4804 de
1382 4747 1708 4804 actualibus.
1813 4746 2042 4804 omnis
2083 4745 2280 4804 homo
2323 4751 2430 4804 est
2465 4745 2726 4804 animal
2769 4749 2840 4803 et
2879 4746 3159 4818 quidam
3200 4748 3398 4806 homo

152 4830 217 4886 At
252 4850 366 4890 non
410 4838 643 4893 ocem-it
684 4836 975 4895 diffidatus
1028 4836 1225 4893 similis
1267 4836 1317 4892 si
1370 4852 1595 4893 maneas
1647 4835 1711 4891 in
1812 4851 1950 4891 non
2013 4838 2118 4891 est
2179 4836 2460 4893 animal.
2561 4834 2654 4891 Sic
2707 4838 3090 4908 opponuntur:
3156 4838 3397 4894 nullus

152 4922 381 4979 terminis
432 4926 801 5001 possibilium,
856 4944 909 4982 ν.
968 4944 1020 5001 g.
1080 4926 1303 4983 omnis
1353 4925 1551 4982 homo
1605 4926 1713 4981 est
1813 4924 2012 4980 homo
2066 4927 2172 4980 est
2222 4926 2404 4999 lapis
2455 4928 2526 4981 et
2575 4922 2854 4996 quidam
2905 4924 3110 4981 homo
3153 4928 3256 4981 est
3295 4926 3397 4982 la-

152 5010 423 5085 animal,
463 5031 620 5088 ergo
662 5016 999 5089 quoddam
1042 5014 1307 5071 animal
1348 5018 1455 5070 est
1495 5014 1711 5069 homo.
1812 5013 1950 5085 pis3
1991 5028 2124 5069 nam
2164 5014 2400 5071 nullus
2439 5014 2637 5070 homo
2677 5016 2784 5069 cst
2821 5012 3006 5086 lapis
3047 5012 3396 5086 signifieatA

152 5094 439 5157 Dicendum
466 5104 1045 5177 ergoconclusionem‚
1076 5104 1353 5177 quidam
1379 5102 1579 5159 homo
1606 5104 1713 5158 est
1812 5102 1980 5158 homo
2023 5118 2138 5158 non
2191 5107 2278 5159 est
2317 5102 2488 5177 lapis,
2535 5101 2582 5157 B
2622 5102 2790 5157 bomo
2843 5117 2958 5157 non
2999 5104 3088 5156 est
3127 5100 3294 5175 lapis,
3350 5103 3397 5159 C

154 5185 400 5264 ridens,
444 5205 563 5248 esse
602 5208 791 5251 veram
832 5194 894 5251 in
945 5192 1177 5275 regione·
1207 5192 1481 5266 mearum,
1524 5206 1621 5249 seu
1661 5190 1713 5247 si
1813 5189 1981 5249 homo
2023 5206 2142 5249 non
2183 5194 2271 5249 est
2321 5189 2464 5265 lapis
2517 5195 2619 5247 etc.
2715 5190 2866 5263 Ergo
2918 5186 3060 5245 rabo
3111 5193 3200 5247 est
3235 5190 3392 5249 talis:
