3717 5850
54 4287 61 4328 k

1050 346 1181 431 xil.
1246 372 1481 434 mm
1520 376 1906 435 sermm
1933 341 2360 435 GENERAIJSJ

184 510 434 584 Equidem
472 512 819 569 temerarium
855 514 997 570 soret
1031 515 1353 587 promittere
1391 534 1426 573 a
1464 516 1659 591 primis

120 600 511 676 aggrm‘onibus
559 605 895 675 poshemam
945 605 1133 659 tantae
1190 604 1325 661 artis
1374 607 1659 679 perfectio-

120 706 237 761 nem,
261 705 393 761 quae
420 694 625 746 crescet
660 706 790 747 cum
824 690 946 763 ipsa
982 683 1267 749 hominum
1296 694 1655 769 experientia,

118 782 249 855 lrout
272 777 419 851 (ipsa
443 778 547 834 hac
572 781 701 834 arte
718 776 1147 853 manuducente)
1176 780 1335 855 plura
1360 798 1575 857 semper
1600 788 1659 841 et

119 868 297 941 potiora
340 866 517 922 Data
575 872 849 924 eruentur.
948 869 1421 933 Quemadmodum
1470 876 1657 929 tamen

119 956 233 1031 apud
254 954 497 1010 Sinenses
524 956 727 1028 ferunt,
768 955 865 1029 qui
903 956 1117 1030 aliquot
1138 959 1509 1016 characterum
1534 961 1659 1019 mil-

120 1047 217 1101 lena
256 1042 409 1115 norit,
453 1058 585 1099 eum
623 1045 909 1117 potissima
945 1046 1179 1102 scribere
1216 1064 1391 1121 posse,
1430 1051 1657 1107 caeteris

121 1132 257 1204 magis
279 1131 573 1187 reconditis
589 1134 679 1189 vel
704 1133 901 1206 cuique
927 1134 1151 1208 proprio
1178 1136 1391 1211 artifici,
1424 1138 1513 1193 vel
1541 1155 1658 1195 ma-

116 1220 203 1291 jori
224 1219 473 1292 Magistro
498 1222 747 1295 servatis,
790 1221 873 1277 115
909 1222 997 1279 1115
1032 1238 1265 1296 quoque,
1300 1228 1657 1300 proportione

121 1324 449 1383 progressuum
475 1308 597 1366 sive
620 1309 863 1367 hominis
886 1310 1167 1387 cuiusque,
1206 1313 1323 1370 sive
1360 1315 1529 1371 totius
1566 1333 1655 1389 ge-

3251 370 3340 439 85

1760 517 1910 620 neris
1935 518 2178 592 humani,
2221 521 2487 577 fructus
2535 536 2750 597 quoque
2789 524 2926 580 artis
2964 522 3128 580 unius
3163 522 3344 594 maior

1818 623 1855 661 n
2023 648 2038 663 .

1758 624 1819 663 se
1846 610 2076 752 ltnetetzirm
2103 695 2206 752 hoc
2233 712 2624 769 consequemur
2664 701 2728 755 ut
2767 714 2980 773 semper
3005 704 3199 759 certa
3233 718 3343 759 se-

1759 782 1864 841 rie
1905 784 2236 857 progredi
2277 783 2632 841 valeamus
2679 792 2949 858 quantum
2984 788 3046 845 in
3073 793 3342 863 potestate

1759 876 1859 946 est,
1892 876 1966 945 et,
1998 872 2146 945 quod
2173 873 2431 929 hactenus
2457 873 2685 930 minime
2713 876 2917 931 1551661
2941 881 3043 950 est,
3074 894 3148 933 ex
3175 879 3338 953 datis,

1705 956 1711 1038 ξ
1758 960 2018 1033 quicquid
2045 962 2164 1017 fieri
2193 966 2391 1036 potest,
2421 962 2712 1037 elicientes,
2737 964 3002 1020 thesauris
3016 964 3138 1033 jam
3159 984 3340 1041 1‘0P01‘·

1759 1048 1833 1104 tis
1884 1066 1950 1105 ac
1989 1048 2194 1105 divinis
2246 1049 2518 1107 beneficiis
2559 1051 2632 1107 ad
2667 1051 2960 1109 sanitatem
2995 1055 3238 1127 corporis
3273 1072 3339 1113 ac

1758 1138 2150 1211 perfectionem
2168 1141 2384 1214 mentis,
2413 1144 2687 1197 utamur
2715 1144 2782 1197 et
2809 1144 3139 1217 fruamur,
3167 1157 3340 1216 quan·

1759 1230 1884 1283 tum
1909 1229 1993 1283 fas
2019 1231 2121 1284 est.

1598 1798 1807 1891 XII.

1420 1923 2001 2052 1N1r1A

809 2140 1639 2269 SCIENTIAE·
1728 2124 2600 2270 GENERALIS

55 2382 57 2437 ς
124 2368 196 2422 ns
224 2318 409 2423 Novi(
442 2367 783 2425 RArioNE
819 2368 1433 2428 INSPAURATIONIS
1472 2352 1572 2426 ΕΤ
1609 2368 2268 2427 AUGMENTATlole
2305 2328 2833 2443 SGIENTQRUM,
2873 2371 3004 2429 ITA
3043 2372 3146 2428 υτ
3181 2368 3340 2431 Exi-

185 2458 313 2513 GUO
330 2458 689 2515 TEMPORE
716 2459 815 2515 ET
840 2458 1187 2531 NEGOTIO,
1218 2458 1283 2515 SI
1310 2458 1523 2515 MODO
1551 2456 1821 2515 VELINT
1848 2458 2192 2531 HOMlNffi,
2217 2458 2491 2516 MAGNA
2517 2459 2932 2519 PRAESTARI
2957 2460 3252 2517 POSSINT

756 2565 759 2569 ·
915 2546 1023 2603 AD
1049 2546 1491 2604 FELICITATIS
1519 2546 1896 2603 HUMANAE
1923 2547 2485 2606 INGREMENTUM.

380 2772 459 2831 (Ι
495 2776 705 2824 schedis
737 2774 1166 2825 Letbnittants
1207 2775 1420 2837 ineditis,
1456 2786 1589 2833 quae
1630 2777 1687 2823 tn
1716 2776 1881 2831 Regis
1922 2774 2220 2825 bibliotheca
2264 2779 2602 2827 amoverant
2645 2770 3022 2834 asservantur.)

188 2983 471 3042 Ostenditur
498 3001 767 3059 magnam
792 2990 1008 3060 partem
1034 2985 1287 3044 miseriae
1324 2985 1485 3044 nobis
1524 3003 1653 3043 556-

129 3070 299 3146 tingere,
339 3077 432 3130 aut
460 3074 744 3130 felicitatis
786 3076 991 3148 abesse,
1036 3090 1152 3131 6511
1190 3074 1403 3132 (1515516
1430 3075 1650 3148 virium,

128 3160 196 3214 scd
234 3161 307 3217 vel
350 3163 619 3219 scientiae
666 3163 757 3222 vel
792 3165 977 3221 bonae
1014 3163 1329 3237 voluntatis,
1380 3168 1438 3220 et
1474 3164 1654 3240 ipsam

128 3247 353 3306 5115611516
384 3252 556 3308 nobis
597 3251 783 3309 (155555
818 3253 993 3310 solere
1032 3252 1193 3325 eulpa
1240 3257 1457 3325 nostra3
1508 3256 1655 3310 certe

130 3337 353 3410 plmsque
376 3342 658 3412 veritates,
688 3339 759 3396 ad
780 3340 956 3397 vitam
974 3341 1151 3414 611155,
1182 3357 1299 3398 5555
1325 3341 1388 3396 16
1416 3341 1655 3398 humana

128 3424 353 3500 potestate,
390 3433 447 3484 et
472 3445 559 3486 ex
586 3429 733 3486 datis
766 3429 885 3486 sive
920 3430 1069 3486 notis
1094 3433 1243 3486 certa
1278 3430 1657 3502 constantique

128 3515 331 3572 methodo
374 3535 537 3590 posse
584 3517 805 3590 deduci,
854 3518 906 3574 si
954 3517 1121 3574 modo
1158 3519 1409 3575 homines
1447 3518 1659 3575 viribus

130 3603 383 3702 notitiisque
405 3624 442 3663 a
470 3605 605 3663 Deo
636 3607 921 3679 concessis,
951 3607 1249 3664 secundum
1284 3612 1465 3664 rectae
1488 3606 1659 3664 ratio-

130 3691 194 3746 nis
214 3695 516 3770 methodum,
554 3695 617 3752 id
644 3700 727 3752 est
752 3695 1047 3752 secundum
1074 3699 1363 3770 praecepta
1398 3695 1661 3752 scientiae

132 3781 339 3852 generalis
360 3785 445 3841 1115
470 3783 735 3858 traditae,
762 3785 847 3841 uti
875 3785 1064 3840 velint.

200 3869 393 3928 Seicntia
426 3873 705 3946 generalis
740 3873 877 3930 duas
912 3872 1159 3930 continet
1196 3875 1395 3946 partes,
1424 3887 1659 3944 quarum

133 3957 253 4026 prior
270 3961 485 4031 pertinet
511 3963 593 4020 ad
630 3961 1084 4020 iustam-ationem
1110 3960 1476 4033 scientiarum,
1508 3959 1658 4028 judi-

133 4046 409 4122 mutumque
448 4051 523 4108 de
553 4049 682 4120 jam
718 4050 973 4124 inventis,
1014 4067 1087 4106 ne
1124 4048 1471 4123 praejudiciis
1514 4048 1657 4106 deci-

134 4133 323 4206 piamun
347 4141 625 4210 posterior
649 4139 953 4196 destinatur
978 4139 1052 4195 ad
1080 4139 1353 4212 augendas
1380 4137 1657 4211 5111561155,

55 4227 62 4274 1
134 4219 523 4302 inveniendaque,
554 4244 699 4301 quae
724 4229 887 4286 651115
915 4229 1127 4285 desunt.

194 4312 325 4370 Prior
346 4333 473 4389 ergo
513 4315 689 4374 tradit
714 4317 1002 4374 Elementa
1038 4315 1301 4388 νει-11565,
1341 4315 1457 4372 sive
1494 4318 1657 4370 notas

55 4477 57 4480 y
134 4401 341 4470 quasdam
375 4403 817 4480 indisputabiles,
863 4421 1097 4479 quarum
1144 4421 1251 4478 ope
1298 4403 1361 4460 in
1400 4403 1658 4464 omnibus

135 4490 322 4546 materiis
346 4493 537 4552 haba-i
565 4497 799 4568 possunt
834 4493 1325 4550 demonstrationes
1360 4491 1655 4564 evidentes,

136 4578 473 4639 mflianaticis
513 4599 695 4656 pnes,
722 4597 957 4656 quarum
994 4581 1265 4640 certitudo
1300 4581 1451 4638 velut
1488 4595 1657 4636 manu

136 4667 259 4738 tangi,
283 4671 553 4745 omneque
579 4670 833 4754 usurpari
858 4672 1049 4745 possit,
1086 4671 1169 4728 ita
1204 4675 1271 4727 ut
1306 4686 1473 4726 omne
1497 4685 1659 4742 argu-

138 4759 326 4812 mmmm
350 4758 603 4833 legitima
636 4762 817 4818 forma
852 4760 1111 4834 procedat
1144 4760 1219 4816 ad
1255 4759 1431 4816 instar
1464 4757 1659 4814 calculi

54 4903 65 4924 ι
139 4856 445 4922 numeremur,
476 4853 539 4905 et
566 4849 615 4905 si
652 4847 777 4922 quis
804 4865 957 4906 error
996 4847 1286 4922 subrepsit,
1326 4862 1443 4904 non
1470 4846 1654 4907 diffici-

138 4927 211 4985 lius
230 4933 545 5008 deprehendi
583 4937 813 5010 aliisque
838 4937 1054 4996 ostendi
1080 4937 1272 5012 possit,
1314 4952 1483 5010 quam
1508 4953 1661 4994 error

139 5018 281 5077 elmli
304 5025 452 5082 solet.
496 5027 665 5092 Quali
691 5029 870 5084 forma
890 5025 1307 5100 argumentandi
1328 5025 1657 5099 introducta,

140 5113 485 5172 maseva-siae
504 5113 575 5171 in
600 5114 977 5174 ratiocinando
1004 5131 1118 5172 nou
1156 5119 1383 5189 possent
1406 5131 1523 5172 non
1550 5131 1663 5170 coe·

54 5173 67 5458 ἶ
142 5209 240 5254 ure.
312 5201 543 5268 Quando
572 5209 759 5262 antem
784 5219 899 5264 non
926 5209 1055 5264 sunt
1080 5203 1404 5264 sufficientia
1433 5205 1563 5264 data
1590 5202 1663 5260 ad

1752 2987 2235 3044 demonstrandam
2271 2986 2587 3062 veritatem,
2631 2989 2932 3062 poterimus
2971 2993 3159 3044 tamen
3198 3005 3338 3046 5516-

1752 3092 1850 3150 per
1877 3075 2250 3132 demomtrare
2279 3075 2728 3150 probabilitatem
2765 3075 3052 3150 majorem,
3091 3091 3164 3133 an
3203 3078 3338 3151 quid

1752 3180 1826 3220 ex
1865 3163 2080 3220 duobus
2119 3163 2384 3238 oppositis
2421 3164 2627 3222 rationi
2665 3165 2740 3220 sit
2777 3165 3121 3240 probabilius
3157 3169 3217 3222 et
3254 3181 3333 3223 se·

1752 3251 1992 3310 cundum
2019 3244 2339 3326 prudentiae
2365 3253 2580 3326 regulas
2607 3255 2670 3309 in
2695 3255 2857 3326 praxi
2884 3254 3198 3310 tenendum.
3235 3255 3337 3310 At-

1754 3357 1859 3414 que
1900 3341 1981 3398 ita
2017 3347 2223 3399 rectam
2268 3341 2540 3400 rationem
2578 3358 2794 3416 semper
2832 3346 3100 3416 quantum
3149 3335 3345 3416 possa<

1755 3445 1878 3486 mus
1921 3446 2224 3502 sequemur.
2311 3431 2385 3486 Et
2423 3447 2550 3488 cum
2573 3447 2728 3488 secus
2756 3447 3000 3505 agamuS,
3029 3419 3138 3488 erit
3159 3431 3222 3488 id
3247 3432 3339 3488 vel

1752 3519 2118 3592 negligentiae
2145 3523 2381 3591 nostrae,
2405 3521 2494 3578 vel
2521 3519 2798 3576 interdum
2826 3519 3160 3578 necessariae
3189 3520 3338 3578 festi-

1755 3606 1970 3664 nationi
2025 3607 2572 3681 ‹listractionibusque
2627 3608 3030 3682 imputandum.
3125 3609 3340 3674 Quibus

1756 3701 1944 3752 tamen
1981 3699 2108 3768 post
2143 3697 2284 3752 hanc
2327 3700 2506 3752 artem
2542 3697 2896 3753 constitutam
2943 3697 3120 3752 rarius
3171 3712 3339 3770 quam

1755 3787 1886 3840 ante
1912 3783 2296 3856 ingrediemur,
2337 3785 2468 3856 quia
2495 3785 2672 3841 multo
2711 3785 2982 3859 promtius
3019 3785 3340 3859 faciliusque

1757 3871 2053 3929 veritatum
2091 3875 2192 3928 aut
2227 3871 2632 3946 probabilitatis
2672 3873 2902 3944 gradum
2939 3872 3156 3944 assequi
3183 3873 3339 3932 dabi-

1755 3965 1874 4034 tur,
1915 3964 2208 4033 postquam
2245 3960 2628 4017 meditationes
2664 3965 2885 4018 nostrae
2921 3977 3038 4017 656
3073 3977 3202 4018 casu
3241 3961 3340 4020 sed

1754 4049 2030 4107 constanti
2069 4049 2188 4122 lege
2225 4065 2290 4105 ac
2329 4049 2524 4106 calculi
2572 4049 2684 4106 ritu
2734 4049 3046 4122 procedent.
3133 4051 3340 4116 Quanti

1702 4187 1707 4211 ‚
1755 4139 1857 4196 hoc
1891 4137 1966 4194 sit
1992 4155 2108 4194 non
2135 4141 2354 4194 tantum
2378 4136 2438 4194 in
2465 4137 2708 4195 scientiis
2735 4139 2832 4195 55(1
2859 4141 2918 4194 51
2943 4137 3004 4194 16
3029 4139 3341 4196 communis

1703 4226 1707 4237 '
1755 4227 1904 4283 vitae
1961 4226 2474 4300 deliberationibus,
2536 4227 2888 4284 manifestum
2945 4229 3058 4301 est,
3119 4229 3342 4300 quando

1754 4316 2030 4387 utrimque
2059 4316 2232 4371 multa
2270 4331 2576 4388 magnaque
2609 4320 2761 4373 stant
2787 4316 3154 4389 incommoda,
3195 4335 3342 4392 spes·

1754 4421 1864 4478 que
1891 4408 1950 4460 et
1991 4408 2186 4477 metus,
2225 4420 2368 4476 quae
2405 4404 2556 4460 velut
2593 4403 2653 4460 in
2691 4409 2896 4462 statera
2933 4403 3244 4478 expendere
3281 4406 3342 4462 in

1754 4495 1900 4551 hunc
1923 4509 2098 4565 usque
2123 4493 2272 4550 diem
2299 4492 2487 4552 docuit
2522 4509 2704 4550 nemo.
2792 4484 2932 4562 Cum
2969 4498 3156 4574 tamen
3184 4494 3344 4552 facile

1756 4581 1974 4639 ostendi
2011 4585 2194 4655 queat,
2235 4598 2426 4638 omnes
2463 4599 2672 4640 errores
2712 4583 2984 4640 humanae
3019 4583 3344 4658 prudentiae

1754 4669 2013 4727 vitabiles
2040 4671 2114 4728 ab
2141 4669 2302 4741 huius
2327 4670 2588 4729 scientiae
2607 4673 2952 4744 ignoratione
2977 4673 3068 4730 vel
3093 4673 3344 4746 neglectu

1758 4758 2044 4835 proficisci.

1846 4848 1984 4904 Pars
2011 4847 2184 4904 altera
2209 4851 2296 4904 est
2327 4847 2458 4904 Ars
2494 4846 2924 4921 inveniendi,
2966 4864 3082 4905 non
3119 4849 3341 4922 quidem

1759 4941 1825 4994 ut
1852 4937 1916 4992 in
1940 4937 2124 5010 priore
2151 4941 2323 5010 parte,
2345 4939 2532 4993 utrum
2551 4936 2855 5010 propositio
2883 4937 2972 4993 vel
2993 4936 3340 4996 ratiocinatio

1762 5025 1954 5082 oblata
1979 5025 2054 5082 sit
2077 5041 2227 5099 vera,
2257 5026 2372 5099 55(1,
2403 5023 2552 5097 quod
2581 5030 2666 5081 est
2693 5025 2984 5100 difficilius,
3015 5025 3192 5097 qualis
3219 5025 3342 5098 ipsa

1764 5115 1839 5171 sit
1879 5114 2195 5188 formanda,
2233 5131 2332 5174 seu
2366 5114 2646 5186 quomodo
2681 5114 2884 5172 resolvi
2921 5114 3092 5188 possit
3117 5112 3343 5186 aliquod

1766 5203 2068 5278 problema,
2119 5203 2268 5278 quod
2317 5201 2566 5260 continet
2612 5203 3042 5278 propositionem
3089 5200 3342 5276 imperfe-
