3717 5850
300 381 430 439 VIII
1559 373 2354 436 PRAEFATIO.

303 535 486 581 verso
543 510 718 580 titulo
777 509 873 592 bis
929 517 1183 599 recepta
1227 516 1352 589 est,
1406 529 1666 578 mecum
1720 505 1794 575 L.
1847 507 1924 576 B.
1970 506 2244 603 optabis,
2300 519 2374 576 ut
2430 507 2733 578 editorem
2787 510 2949 581 sicut
2989 511 3057 580 in
3106 509 3587 582 Mathematicis·

301 625 812 708 Mathematicus,
865 625 953 692 ita
994 625 1060 693 in
1102 621 1560 716 philosophicis
1601 622 1862 692 edendis
1904 626 2001 692 vir
2044 623 2381 717 adJuvisset
2420 621 2813 717 philosophia
2857 625 3397 721 qualitercumque
3436 630 3563 696 im-

298 743 505 812 butus.
578 740 760 809 Haec
801 750 898 808 est
937 739 1104 808 illius
1147 737 1431 808 editionis
1471 737 1730 807 indoles.
1800 740 1985 826 Quae
2027 751 2245 810 utrum
2290 741 2563 810 effecerit
2604 752 2676 809 ut
2701 739 2988 811 Leibnitii
3027 741 3421 836 philosophia
3448 767 3563 812 us-

301 881 429 950 que
481 855 562 924 ad
613 865 900 924 nostrum
953 864 1208 948 tempus
1264 853 1425 922 adeo
1479 853 1935 947 negligeretur,
1990 877 2071 923 an
2130 853 2251 924 hac
2304 853 2681 948 negligentia
2735 859 2972 926 factum
3007 859 3108 938 isit
3160 868 3232 926 ut
3273 857 3567 928 Leibnitii

303 995 498 1065 opera
538 969 972 1064 philosophica
1013 980 1146 1037 tam
1189 967 1358 1040 male
1400 966 1503 1036 edi
1544 971 1879 1061 potuerint,
1923 967 2220 1064 equidem
2273 991 2402 1039 non
2446 970 2797 1061 dijudicem.
2886 971 3031 1040 Hoc
3074 983 3246 1042 certe
3289 975 3451 1058 scio,
3494 977 3567 1043 in

303 1088 572 1156 editione
635 1084 742 1154 illa
807 1084 1008 1154 multa
1073 1107 1264 1176 posse
1330 1083 1700 1170 desiderari,
1767 1096 1830 1154 et
1885 1086 1977 1172 (si
2050 1085 2467 1156 novissimum
2533 1088 2847 1157 exemeris
2916 1084 3223 1176 lustrum)
3275 1085 3568 1158 Leibnitii

299 1201 757 1296 philosophiam
799 1199 946 1293 plus
983 1202 1155 1292 justo
1197 1198 1450 1292 negligi.

475 1319 648 1388 Cum
689 1327 838 1388 ante
880 1326 1150 1410 quamor
1191 1336 1392 1384 annos
1429 1333 1585 1391 cum
1629 1311 1711 1382 ad
1753 1310 2003 1384 scholas
2044 1312 2445 1386 academicae
2482 1314 2828 1400 habendas,
2870 1325 3011 1388 tum
3056 1315 3141 1388 ad
3166 1338 3561 1412 componen-

295 1434 446 1505 dam
497 1455 712 1503 meam
763 1428 1212 1520 Philosophiae
1266 1429 1628 1498 recentioris
1668 1427 2023 1512 historiam,
2072 1431 2143 1500 in
2192 1452 2392 1524 opera
2434 1429 2724 1500 Leibnitii
2764 1433 3121 1502 accuratius
3160 1435 3565 1526 inquirerem,
3644 1441 3655 1454 '

295 1549 514 1620 omnia
563 1546 675 1616 illa
713 1567 884 1638 quae
923 1546 1100 1616 innui
1141 1541 1297 1612 mihi
1339 1541 1657 1613 obvenere
1695 1541 2165 1634 impedimenta.
2256 1545 2444 1631 Quae
2482 1555 2557 1616 ut
2600 1555 3048 1618 amoverentur
3087 1550 3365 1640 primum
3408 1562 3565 1632 erat,
3689 1543 3690 1548 ’

295 1685 492 1756 opera
529 1661 818 1732 Leibnitii
865 1660 935 1728 in
989 1668 1235 1730 certum
1294 1657 1581 1730 ordinem
1634 1658 1940 1752 redigere.
2032 1659 2183 1746 Qua
2232 1662 2302 1732 in
2354 1683 2425 1732 re
2478 1657 2823 1734 elaboranti
2877 1659 3063 1733 valde
3106 1662 3343 1755 placuit
3382 1667 3564 1758 quod

297 1777 637 1872 proposuit
675 1772 1007 1845 Eichlerus
1049 1773 1414 1867 bibliopola,
1469 1786 1542 1844 ut
1591 1775 1660 1845 in
1701 1773 1947 1844 officina
1988 1797 2110 1846 sua
2150 1777 2366 1847 omnia
2408 1775 2695 1848 Leibnitii
2732 1799 2930 1872 opera
2972 1776 3401 1874 philosophica
3442 1779 3561 1849 de-

297 1917 430 1966 nuo
475 1891 750 1962 ederem.
839 1889 1043 1960 Erunt
1098 1892 1208 1983 qui
1259 1889 1500 1961 rideant
1545 1891 1608 1960 si
1662 1888 1744 1960 de
1785 1889 2057 1964 editione
2099 1893 2379 1962 critica
2420 1889 2679 1984 loquar,
2720 1915 2873 1962 cum
2912 1891 2995 1964 de
3036 1906 3295 1966 auctore
3334 1905 3567 1988 agatur

295 2008 589 2081 seculum
631 2005 862 2078 abhinc
904 2006 1218 2090 defuncto,
1260 2009 1446 2100 cujus
1489 2028 1685 2100 opera
1727 2005 1885 2077 dum
1924 2009 2063 2100 ipse
2105 2009 2347 2080 viveret
2384 2009 2552 2100 typis
2594 2030 2894 2100 expressa
2934 2010 3073 2080 sint.
3143 2011 3225 2080 At
3266 2019 3567 2082 creseunt

295 2149 544 2196 errores
583 2124 831 2194 etiamsi
869 2123 937 2192 in
977 2121 1342 2192 seculorum
1381 2120 1648 2215 pulvere
1689 2144 1820 2194 non
1864 2123 2237 2194 radicentur.
2305 2121 2433 2194 Vel
2474 2123 2649 2214 apud
2692 2145 2825 2204 eos,
2866 2122 2977 2214 qui
3018 2125 3203 2214 primi
3242 2125 3327 2196 de
3363 2123 3563 2198 Leib-

299 2243 434 2313 nitii
485 2240 786 2334 operibus
825 2239 1215 2309 mentionem
1255 2239 1524 2322 faciunt,
1581 2233 1816 2306 multos
1856 2238 2139 2330 reperire
2176 2235 2323 2308 licet
2365 2257 2643 2321 errores,
2686 2239 2795 2330 qui
2836 2235 2983 2308 inde
3025 2236 3107 2308 ab
3148 2259 3229 2308 eo
3268 2248 3565 2330 tempore

292 2382 422 2428 non
464 2356 727 2426 correcti
755 2377 1064 2446 persaepe
1088 2351 1408 2446 hodieque
1435 2361 1816 2447 repetuntur.
1872 2351 2068 2437 Nam,
2110 2362 2182 2423 ut
2206 2373 2413 2422 unum
2454 2376 2771 2436 moneam,
2812 2375 3023 2445 neque
3044 2353 3393 2424 Jaucourto
3437 2377 3559 2425 ne·-

295 2496 421 2564 que
462 2469 810 2540 Ludovicio
865 2493 1077 2561 neque
1117 2468 1432 2538 Dutensio
1485 2467 1644 2538 fides
1698 2465 2019 2550 habenda,
2075 2489 2228 2538 cum
2272 2465 2353 2538 de
2395 2478 2685 2564 tempore
2724 2470 2931 2564 agitur
2972 2491 3103 2562 qua
3142 2470 3393 2563 scriptio
3436 2469 3554 2538 ali-

294 2611 424 2680 qua
465 2587 744 2680 primum
787 2583 949 2656 edita
991 2585 1087 2654 sit.
1173 2582 1393 2676 Itaque
1436 2606 1699 2653 necesse
1741 2568 1878 2654 erat
1920 2593 1992 2654 ut
2032 2583 2335 2675 quodque
2378 2605 2562 2676 opus,
2604 2585 2973 2677 priusquam
3012 2607 3165 2656 cum
3187 2585 3557 2656 collectione

292 2727 441 2772 mea
511 2721 1035 2794 concorporat-em
1049 2750 1070 2782 ,
1135 2723 1215 2770 eo
1271 2699 1416 2769 loco
1467 2701 1913 2793 investigarem
1967 2721 2097 2790 quo
2152 2700 2359 2792 pn‘mo
2412 2699 2771 2792 vulgatum,
2837 2709 2903 2768 et
2955 2721 3107 2768 cum
3155 2699 3556 2772 Dutensiana

295 2819 565 2890 editione
609 2820 978 2888 conferrem.
2570 2876 2577 2888 ,

405 2915 414 2922 ’
465 2934 619 3005 Duo
664 2936 1010 3026 praecipue
1061 2942 1272 3015 erant,
1330 2952 1497 3024 quae
1550 2933 1617 3001 in
1665 2930 2047 3001 instituenda
2102 2954 2249 3002 mea
2304 2930 2573 3005 editione
2630 2930 3021 3002 observanda
3062 2935 3301 3025 putavi.
3382 2933 3553 3003 Pri-

293 3074 524 3134 mum,
579 3060 652 3118 ιιι
703 3050 770 3118 in
811 3059 1060 3118 certum
1104 3047 1388 3119 ordinem
1415 3066 1612 3137 opera
1653 3043 2089 3139 philosophica
2131 3044 2417 3117 Leibnitii
2467 3047 2919 3142 redigerentur,
2955 3072 3001 3117 e
3039 3057 3403 3141 temporum
3444 3070 3553 3116 ra-

290 3166 564 3237 tionibus
606 3164 994 3257 disponenda
1037 3186 1114 3232 ea
1151 3162 1444 3256 judicavi.
1507 3162 1660 3248 Qua
1699 3161 1767 3231 in
1809 3184 1883 3231 re
1925 3184 2071 3231 eam
2104 3174 2365 3232 secutus
2396 3184 2547 3231 sum
2586 3164 2915 3248 rationem,
2956 3174 3029 3233 ιιι
3056 3187 3095 3233 e
3116 3162 3359 3246 libellis,
3388 3181 3555 3255 quos

198 3292 218 3364 ‚¹
294 3284 434 3374 ipse
473 3277 822 3349 Leibnitius
865 3278 1228 3372 divulgavit,
1272 3300 1594 3372 quemque
1635 3278 1696 3347 ei
1739 3298 1907 3347 anno
1947 3276 2392 3363 >adscriberem‚
2436 3302 2566 3371 quo
2608 3280 2883 3372 primum
2926 3280 3093 3372 typis
3132 3301 3411 3351 amisus
3436 3290 3557 3348 est·

295 3396 366 3467 In
405 3395 702 3488 operibus
732 3406 968 3481 autem,
1011 3406 1119 3464 aut
1144 3406 1291 3488 post
1318 3393 1608 3465 Leibnitii
1635 3390 1877 3461 obitum
1903 3402 2016 3463 aut
2042 3394 2326 3463 nondum
2354 3393 2562 3465 adhuc
2600 3395 2797 3478 editis,
2835 3394 3259 3465 ratiocinando
3297 3406 3558 3485 tempus

294 3510 742 3583 inveniendum
770 3522 908 3581 erat
939 3534 1068 3604 quo
1099 3512 1454 3601 conscripta
1495 3532 1636 3578 esse
1677 3510 1812 3577 veri
1851 3507 2241 3579 simillimum
2280 3521 2463 3579 esset.
2529 3508 2827 3581 Adferam
2860 3508 3125 3603 posthac
3162 3520 3555 3600 argumenta,

291 3652 458 3719 quae
499 3638 571 3696 ut
611 3626 1110 3719 mumquodque
1145 3650 1304 3721 opus
1347 3625 1496 3695 huic
1537 3623 1939 3719 potissimum
1966 3628 2235 3717 tempori
2261 3624 2621 3707 tribuerem,
2660 3624 2815 3695 mihi
2842 3648 3117 3695 suasere.
3171 3623 3554 3706 Alterum,

299 3767 452 3813 cum
495 3766 787 3812 curarem
829 3754 921 3827 ut,
965 3752 1269 3835 quantum
1311 3764 1586 3833 possem,
1617 3742 1833 3811 omnia
1876 3763 2289 3835 congererem
2317 3739 2604 3810 Leibnitii
2649 3762 2843 3835 opera
2886 3762 3055 3833 quae
3078 3738 3555 3833 Philosophiam

247 3844 252 3866 ¹
295 3870 608 3951 spectant,
661 3882 790 3929 non
845 3856 1059 3927 solum
1119 3856 1316 3925 multa
1372 3880 1540 3949 quae
1592 3859 1660 3927 in
1716 3856 1988 3927 editione
2026 3856 2423 3925 Dutensiana
2468 3854 2604 3924 aliis
2648 3855 2956 3925 classibus
3001 3854 3310 3949 adscripta
3354 3866 3553 3937 erant,

301 3974 416 4043 sed
461 3974 651 4041 etiam
695 3996 891 4065 opera
931 3970 1272 4064 posthuma
1323 3994 1365 4039 a
1427 3971 1672 4064 Raspio
1717 3970 1879 4041 edita
1932 3970 2184 4040 editioni
2248 3992 2433 4040 meae
2496 3970 2829 4041 inserenda
2868 3972 3107 4041 censui.
3198 3970 3369 4041 Cum
3394 3994 3553 4040 vero

295 4090 572 4181 Raspius
628 4098 772 4181 post
824 4086 1112 4156 Leibnitii
1163 4085 1405 4156 obitum
1455 4097 1588 4155 tam
1643 4086 1841 4155 multa
1900 4086 2245 4177 reperisset
2291 4086 2525 4178 ingenii
2578 4089 2714 4178 ejus
2770 4097 3213 4171 monumenta,
3262 4108 3381 4157 cur
3421 4110 3553 4157 non

297 4205 683 4299 speraverim
723 4206 858 4271 fore
899 4212 990 4285 ut,
1031 4204 1202 4271 fonte
1240 4200 1346 4271 illo
1391 4224 1522 4271 non
1563 4201 1752 4295 plane
1808 4199 2113 4270 exhausto
2128 4246 2149 4283 ‚
2193 4200 2576 4271 Hanoverae
2614 4203 2680 4271 in
2720 4200 3094 4272 bibliotheca
3118 4202 3324 4295 Regia
3358 4225 3553 4294 opera

295 4320 586 4389 Leibnitii
627 4320 978 4389 invenirem
1019 4317 1304 4389 nondum
1347 4317 1511 4387 edita
1557 4327 1620 4385 et
1661 4316 1850 4408 digna
1895 4339 2065 4408 quae
2106 4318 2273 4385 foras
2317 4315 2626 4387 darentur.
2718 4318 3064 4403 Quaerenti
3102 4316 3261 4387 mihi
3318 4341 3433 4413 per
3470 4316 3551 4387 li-

299 4448 485 4520 teras,
529 4460 823 4505 summus
865 4436 1054 4527 Regii
1095 4432 1378 4503 tabularii
1419 4445 1484 4503 et
1524 4431 1937 4503 bibliothecae
1977 4433 2345 4526 praefectu8‚
2390 4432 2466 4500 cl.
2510 4432 2815 4516 pertzius,
2858 4456 2937 4501 ea
2980 4456 3129 4501 cum
3170 4432 3554 4525 benignitate

294 4552 647 4644 respondit,
693 4574 888 4645 quam
931 4549 1120 4619 amici
1161 4560 1345 4619 antea
1381 4551 1514 4641 jam
1555 4547 1993 4633 laudaverant,
2038 4569 2233 4639 quam
2273 4558 2495 4641 postea
2534 4551 2671 4641 ipse
2701 4558 2999 4641 expertus
3037 4572 3198 4617 sum.
3287 4549 3554 4637 Scripsit

294 4672 500 4753 enim,
541 4668 740 4737 multa
781 4670 848 4737 in
889 4664 1262 4735 bibliotheca
1302 4663 1410 4733 illa
1455 4688 1598 4734 esse
1638 4664 1928 4735 Leibnitii
1970 4662 2157 4735 MSS.
2200 4662 2483 4735 nondum
2524 4664 2687 4735 edita
2728 4666 2920 4733 etiam
2966 4663 3047 4733 ad
3086 4662 3552 4757 philosophiam

296 4787 676 4877 pertinentia.
765 4782 972 4853 Simul
1025 4779 1330 4848 auxilium
1387 4780 1542 4848 dum
1601 4783 1886 4850 venerim
1938 4781 2237 4870 promisit.
2324 4779 2555 4874 Neque
2606 4804 2719 4851 me
2769 4780 2981 4851 fefellit
3035 4783 3129 4851 vir
3181 4804 3547 4873 generosus.

302 4901 552 4992 Quippe
579 4922 734 4967 cum
761 4909 1066 4967 autmnno
1089 4898 1235 4967 anni
1262 4894 1897 4966 MDCCCXXXVI.
1942 4894 2347 4965 Hanoveram
2376 4920 2483 4965 me
2509 4895 2933 4978 contulissem,
2974 4918 3127 4965 mox
3154 4896 3307 4964 mihi
3334 4906 3551 4985 aperta

306 5027 450 5083 sunt
501 5015 610 5085 illa
665 5018 890 5086 scrinia
946 5036 1220 5105 quorum
1273 5036 1382 5081 me
1425 5012 1800 5082 desiderium
1843 5010 2160 5081 allexerat.
2252 5014 2469 5099 Quum
2519 5015 2585 5081 in
2627 5011 2995 5081 bibliotheca
3038 5011 3239 5102 Regia
3280 5009 3551 5078 schedae

297 5130 722 5200 Leibnitianae
761 5128 1116 5199 secundum
1157 5141 1534 5221 argumenta
1575 5138 1638 5197 et
1677 5126 1954 5197 indolem
1996 5132 2127 5220 jam
2170 5130 2293 5196 sint
2330 5126 2699 5220 dispositae,
2740 5128 2945 5220 primo
2988 5127 3211 5196 obtutu
3252 5126 3398 5211 vidi,
3442 5148 3548 5192 mc

300 5271 429 5315 non
484 5248 708 5316 frustra
767 5248 1030 5315 venisse.
1120 5244 1292 5314 Nam
1347 5255 1590 5338 praeter
1641 5243 1746 5315 illa
1806 5270 1971 5337 quae
2028 5243 2213 5317 edidit
2255 5242 2559 5339 Raspius,
2616 5242 2947 5315 duodecim
3000 5244 3084 5314 ibi
3151 5252 3551 5315 asservantur
