3717 5850
414 346 505 416 92
964 390 967 398 ·
1163 354 1365 412 xvm.
1416 352 1935 413 FUNDAMENTA
1975 352 2280 412 CALCULI
2306 350 2934 423 RATIOCINATORJS.

416 500 757 559 Francisci
792 498 1081 572 Baconi,
1123 498 1360 571 Angliae
1385 498 1703 555 cancellarii
1744 497 1815 555 de
1865 512 1994 570 aug·

418 590 619 647 mentis
654 588 1001 644 scientiarum
1038 591 1096 644 et
1144 588 1385 659 cogitata
1424 587 1817 644 excitatissima
1865 586 1995 642 Gar·

418 678 549 735 dani
578 680 634 733 et
660 676 1041 750 Campanellae
1068 682 1126 733 et
1162 677 1463 750 specimina
1490 675 1731 733 melioris
1758 675 1996 748 philoso-

417 766 579 841 phiae
603 765 823 841 Kepleri
849 770 907 823 et
934 765 1135 823 Galilei
1170 770 1227 827 ct
1271 766 1499 823 Gartoeii
1540 765 1613 821 ad
1640 780 1835 820 uranus
1867 766 1997 821 ado·

418 854 671 912 lescentis
698 854 1059 929 pervenirent.

505 944 653 1000 Tum
678 960 809 1000 vero
836 944 950 1016 ille,
978 947 1043 999 ut
1072 947 1262 1017 postea
1298 942 1491 997 amicis
1528 958 1691 1014 saepe
1717 940 1996 1015 praedica-

419 1032 519 1108 vit,
560 1032 711 1089 velut
747 1033 808 1088 in
846 1033 1021 1089 alium
1060 1033 1252 1089 orbem
1290 1030 1519 1104 delatus.
1558 1030 1912 1087 Aristotelem
1939 1035 1996 1087 et

420 1120 711 1177 Platonem
784 1125 843 1177 et
905 1120 1289 1178 Archimedem
1362 1123 1421 1173 et
1494 1118 1864 1193 Hipparchum
1937 1123 1996 1175 et

384 1203 392 1214 “
418 1210 796 1284 Diophantum
846 1210 1089 1283 aliosque
1147 1208 1435 1281 magistros
1496 1207 1707 1281 generis
1768 1208 1994 1265 humani

420 1316 609 1356 coram
636 1298 836 1355 intueri
864 1303 922 1355 et
946 1299 1272 1372 compellare
1290 1294 1399 1355 sibi
1420 1296 1568 1353 visus
1588 1300 1688 1352 est.
1733 1296 1806 1352 Et
1825 1311 1994 1369 agno·

422 1388 741 1444 scens¹nulli
768 1384 981 1444 saeculo
1020 1389 1204 1444 deesse
1230 1386 1378 1442 viros
1407 1400 1652 1459 magnos,
1682 1390 1739 1441 et
1770 1386 1993 1458 ingenio

422 1477 517 1549 qui
544 1476 887 1550 susciperent,
910 1481 967 1532 et
986 1475 1197 1545 judicio
1218 1476 1313 1549 qui
1333 1475 1697 1549 intelligerent
1716 1476 1994 1549 praeclara

420 1568 479 1620 et
513 1567 689 1637 recta,
742 1566 1087 1621 confirmatus
1124 1566 1185 1620 in
1224 1564 1505 1638 proposito
1542 1562 1747 1637 coeptis
1788 1564 1994 1621 instare

421 1651 688 1724 decrevit,
737 1668 863 1708 cum
900 1653 1065 1727 paulo
1092 1658 1237 1725 aute,
1280 1658 1537 1725 expertus
1577 1668 1767 1708 omnes
1795 1655 1993 1727 quibus

418 1740 714 1797 collocutus
742 1745 861 1798 erat
898 1757 933 1797 a
964 1760 1022 1799 se
1061 1734 1454 1815 dissentientes,
1495 1742 1564 1797 de
1600 1757 1782 1797 rerum
1810 1754 1989 1799 emen-

419 1828 641 1885 datione
668 1830 1017 1903 desperasset.

505 1918 581 1974 Et
598 1918 729 1990 quia
748 1934 830 1993 ea,
843 1935 1011 1991 quam
1029 1918 1137 1975 sibi
1160 1922 1443 1993 sumserat,
1462 1918 1651 1975 omnia
1670 1918 1994 1991 degustandi

420 2004 691 2080 libertate,
733 2008 927 2064 rudem
956 2008 1178 2082 quidem
1204 2007 1403 2079 ideam,
1442 2012 1503 2065 at
1528 2008 1846 2065 harmoniae
1873 2007 1994 2065 uni·

421 2095 634 2167 versali,
675 2095 1143 2169 intelligendisque
1191 2096 1393 2152 artium
1429 2096 1573 2153 inter
1621 2114 1679 2153 sc
1726 2113 1994 2153 nexarum

420 2184 753 2241 coordinatis
791 2184 851 2240 in
892 2201 1061 2241 unum
1102 2185 1328 2258 finibus,
1368 2186 1715 2241 suffecturam
1750 2184 1860 2242 sibi
1898 2202 1994 2260 pa-

420 2275 664 2348 raverat,
714 2272 783 2329 de
820 2290 889 2329 eo
923 2274 1071 2347 quod
1118 2273 1390 2349 optimum
1428 2277 1574 2331 factu
1612 2278 1755 2330 oeset
1790 2273 1994 2331 delibe-

419 2360 581 2417 ravit.

506 2449 572 2506 Id
598 2450 747 2505 enim
774 2450 834 2505 in
861 2450 1118 2508 omnibus
1144 2451 1309 2508 rebus
1340 2448 1645 2508 faciendum
1664 2468 1780 2507 oese
1802 2452 1994 2508 docue-

2094 510 2422 569 unoquoque
2459 510 2654 568 genere
2697 509 2990 551 summum.
3049 494 3164 551 ‘Ita
3201 494 3549 551 Geometriae
3589 496 3650 552 ad

2095 602 2256 642 usum
2291 585 2440 640 vitae
2475 584 2860 643 accomodatae
2907 600 3052 659 csse,
3105 582 3461 641 detenninari
3507 584 3652 640 nobis

2095 676 2268 731 limas
2295 674 2597 745 figurasque
2635 672 3014 745 brevissimas,
3053 676 3118 728 ut
3145 677 3272 727 sunt
3307 676 3508 741 rectae,
3549 671 3650 728 lon·

2097 762 2346 836 gissinms
2373 766 2436 817 ut
2466 765 2594 816 sunt
2629 761 2867 834 volutae,
2911 766 3128 817 suomet
3161 760 3408 834 pondere
3445 758 3650 817 minime

2097 855 2348 925 gravatas
2373 854 2438 906 ut
2465 852 2594 905 sunt
2619 850 2768 922 apud
2777 850 3084 907 Galilaeum
3105 848 3473 923 pambolicae,
3501 850 3650 905 radiis

2095 939 2416 1012 colligendis
2443 938 2752 1012 aptissimas
2795 942 2858 994 ut
2885 942 3014 994 sunt
3051 939 3198 1012 apud
3234 937 3535 993 Cartesium
3567 938 3649 1007 hy·

2093 1029 2416 1103 perbolicae.
2503 1027 2849 1084 Met-hanicae
2885 1030 3101 1101 referre,
3155 1026 3363 1099 exponi
3399 1025 3650 1083 rationem

2092 1116 2418 1191 procmandi
2446 1120 2658 1173 motum
2693 1115 3036 1183 celerrimum
3073 1116 3146 1172 ad
3181 1114 3522 1186 molendina,
3559 1120 3651 1169 tar-

2093 1206 2379 1262 dissimum
2415 1205 2488 1261 ad
2527 1204 2930 1278 horologiorum
2972 1204 3316 1261 din-ationem
3329 1242 3346 1277 ,
3389 1204 3651 1277 regularis-

2093 1294 2296 1351 simum
2324 1293 2532 1367 (qualis
2559 1293 2788 1366 penduli
2815 1296 2930 1365 est)
2967 1294 3040 1350 ad
3067 1293 3452 1350 certitudinem
3477 1308 3651 1348 eorun-

2093 1384 2237 1458 dem,
2267 1397 2468 1457 corpus
2496 1383 2891 1455 gravissimum,
2931 1398 3130 1456 corpus
3158 1382 3513 1453 levissimum,
3549 1399 3653 1437 cor-

2092 1490 2194 1547 pus
2243 1477 2433 1531 exacte
2483 1472 2724 1529 medium
2773 1472 2917 1528 inter
2961 1476 3268 1545 utrumque,
3321 1486 3520 1544 corpus
3553 1486 3652 1525 om·

2092 1563 2248 1619 nium
2295 1561 2537 1617 maxime
2578 1561 2898 1619 violentum.
2985 1560 3088 1616 His
3137 1560 3286 1616 enim
3323 1560 3408 1616 ita
3455 1559 3652 1632 digestis

2093 1650 2276 1707 media
2312 1649 2556 1706 maxime
2596 1652 2815 1724 promta
2853 1654 2910 1706 et
2947 1649 3188 1706 efficacia
3225 1650 3432 1705 suffore
3471 1647 3530 1704 in
3555 1664 3651 1704 om·

2092 1757 2190 1796 nes
2217 1756 2362 1796 umis,
3631 1774 3644 1788 .

2182 1828 2328 1901 Ergo
2356 1828 2424 1884 de
2452 1826 2743 1900 potissimo
2770 1826 2917 1883 vitae
2937 1825 3166 1882 consilio
3193 1830 3251 1881 et
3281 1826 3432 1881 velut
3459 1824 3650 1881 ratione

2095 1922 2269 1975 status
2297 1916 2498 1990 privati
2537 1915 2862 1989 deliberans,
2903 1921 3033 1971 ante
3079 1914 3266 1971 omnia
3307 1913 3650 1970 constituebat

2093 2008 2154 2065 id
2183 2005 2404 2063 demum
2433 2004 2704 2079 optimum
2731 2006 2948 2078 privato
2968 2004 3142 2061 videri
3169 2004 3370 2060 debere
3398 2002 3542 2076 quod
3565 2020 3650 2075 pu-

2093 2096 2234 2153 blice
2270 2094 2760 2152 fructuosissimum
2795 2098 2950 2168 oeset,
2995 2092 3143 2165 quod
3183 2092 3254 2149 ad
3293 2092 3526 2166 gloriam
3560 2092 3648 2147 Dei

2093 2184 2412 2259 pertineret,
2464 2184 2613 2255 quod
2649 2182 2790 2239 effici
2831 2199 2946 2237 non
2986 2182 3231 2238 facientis
3270 2182 3456 2237 minus
3505 2198 3648 2253 quam

2092 2273 2302 2347 generis
2330 2272 2552 2328 humani
2581 2272 2892 2343 mteroeset3
2923 2270 3226 2326 mediorum
3253 2274 3443 2327 autem
3461 2268 3648 2325 homini

2093 2362 2166 2419 ad
2191 2360 2468 2436 praeclara
2495 2361 2708 2417 nullum
2735 2376 2851 2417 esse
2868 2358 3090 2417 homine
3110 2358 3491 2433 praestantiae,
3513 2361 3564 2413 et
3583 2358 3650 2413 in-

2093 2455 2177 2508 ter
2203 2450 2452 2508 homines
2479 2448 2642 2524 Rege,
2683 2449 2887 2504 vicario
2914 2448 3036 2523 Dei,
3071 2465 3184 2504 non
3212 2447 3464 2521 potentia
3491 2446 3649 2501 minus

420 2542 507 2593 rat
533 2554 661 2595 cum
688 2538 796 2594 Ars
823 2538 1261 2614 combinatioria,
1290 2556 1458 2612 quam
1484 2541 1683 2596 fecerat
1722 2540 1837 2614 ipsc
1865 2539 1992 2613 sibi,
2043 2597 2046 2615 Ι
2093 2556 2259 2612 quam
2287 2536 2573 2611 sapientia,
2603 2538 2651 2595 si
2671 2554 2835 2611 quem
2863 2552 2987 2594 rara
3007 2542 3314 2611 temporum
3337 2534 3562 2593 felicitas
3581 2540 3648 2591 ta·

420 2628 565 2684 inter
604 2626 758 2698 cujus
804 2628 1071 2705 principia
1106 2631 1253 2704 erat,
1306 2627 1741 2703 investigandum
1780 2646 1898 2687 esse
1935 2629 1996 2685 in
2039 2643 2048 2706 g

1634 2898 1715 2907 0—-

2093 2629 2205 2685 lem
2235 2628 2460 2685 tulisset.

2259 2898 2430 2907 -.---

1875 3169 2216 3264 XVIII.

1608 3349 2475 3424 FUNDAMENTA

844 3516 1589 3642 cALcULI
1664 3515 3246 3671 RATIOCINATORIS.

526 3824 908 3884 [Fragmentum
944 3841 972 3876 c
1006 3829 1205 3878 schedis
1240 3829 1549 3878 lacibultll
1584 3831 1797 3880 nondum
1832 3831 1994 3892 editis,
2031 3841 2162 3886 quae
2213 3844 2247 3878 n
2281 3831 2594 3880 Bibliotheca
2625 3830 2787 3894 Regia
2818 3831 3155 3878 nmoverma
3185 3827 3556 3884 asservantur.)

1921 3951 2201 3958 -ae-———-—-

504 4038 697 4094 omnis
752 4040 992 4096 humana
1046 4041 1391 4097 ratiocinatio
1448 4041 1617 4114 signis
1667 4042 1993 4115 quibusdam

320 4199 323 4202 ἢ
418 4123 535 4180 sive
578 4127 972 4184 characteribus
1022 4129 1307 4202 perficitur.
1402 4129 1530 4186 Non
1578 4130 1727 4187 enim
1776 4135 1993 4188 tantum

414 4224 505 4267 res
532 4213 699 4286 ipsae,
730 4216 826 4271 sed
856 4220 912 4272 et
938 4233 1122 4273 rerum
1148 4218 1321 4290 ideae,
1352 4233 1565 4292 semper
1590 4220 1778 4275 animo
1800 4219 1994 4276 distin-

417 4303 505 4356 cte
541 4301 819 4360 obversari
856 4321 1030 4377 neque
1068 4311 1295 4380 possunt
1330 4323 1505 4380 neque
1534 4307 1750 4382 debent,
1793 4313 1850 4364 et
1889 4308 1993 4364 ita-

417 4403 523 4460 que
554 4392 865 4466 compendii
894 4409 1057 4450 causa
1084 4394 1239 4468 signa
1265 4413 1365 4468 pro
1394 4395 1527 4469 ipsis
1558 4397 1899 4454 adhibentur.

502 4478 560 4534 Si
588 4480 738 4536 enim
772 4482 1081 4557 Geometra,
1128 4484 1339 4556 quoties
1366 4485 1721 4557 hyperbolam
1760 4489 1857 4541 aut
1883 4485 1992 4558 spi-

415 4567 587 4622 ralem
626 4571 723 4625 aut
749 4570 1157 4634 Quadratricem
1193 4573 1337 4629 inter
1374 4572 1855 4631 demonstrandum
1893 4591 1992 4630 no-

416 4654 617 4730 minat,
681 4673 896 4732 semper
956 4677 1144 4717 earum
1204 4661 1545 4718 definitiones
1606 4664 1723 4720 sive
1772 4679 1992 4736 genera-

2091 4043 2242 4099 culos
2269 4041 2578 4100 absolveret
2615 4042 2840 4115 perinde
2875 4057 2942 4097 ac
2979 4040 3028 4097 si
3067 4039 3298 4098 totidem
3339 4041 3544 4116 lapillis
3579 4039 3652 4096 uti

2092 4132 2286 4202 vellet,
2325 4135 2381 4186 et
2408 4131 2566 4187 lctus
2593 4129 2807 4204 aliquis,
2838 4130 3052 4202 quoties
3079 4131 3321 4188 actiones
3347 4135 3448 4186 aut
3475 4145 3652 4202 excep-

2091 4219 2270 4276 tiones
2295 4224 2392 4276 aut
2413 4218 2557 4289 juris
2585 4220 2844 4276 beneficia
2881 4227 3152 4275 memorat
3185 4219 3448 4292 requisita
3475 4220 3654 4275 harum

2090 4325 2272 4365 rerum
2301 4307 2613 4365 essentialia
2641 4325 2802 4382 saepe
2829 4309 3048 4381 prolixa
3085 4323 3299 4382 semper
3324 4313 3510 4364 mente
3544 4323 3652 4381 per·

2091 4413 2304 4454 currere
2352 4413 2468 4454 non
2517 4401 2726 4470 potest3
2785 4411 2962 4468 neque
3011 4413 3148 4469 opus
3195 4401 3298 4454 est.
3386 4397 3534 4453 Hinc
3581 4398 3654 4451 fa-

2089 4489 2239 4542 ctum
2277 4491 2362 4542 est
2397 4489 2462 4542 ut
2498 4485 2726 4542 nomina
2763 4485 3132 4542 contractibus
3169 4486 3354 4559 figuris
3391 4485 3654 4556 variisque

2090 4591 2272 4631 rerum
2309 4575 2606 4649 speciebus,
2639 4575 2900 4647 signaque
2925 4575 3166 4632 numen-‘s
3201 4575 3262 4630 in
3291 4574 3651 4643 Arithmetica,

2090 4663 2556 4735 magnitudinibus
2585 4664 2647 4718 in
2674 4663 2915 4735 Algebra
2941 4662 3056 4718 sint
3081 4663 3374 4737 assignata,
3403 4667 3484 4736 ut,
3521 4677 3653 4735 quae

414 4743 590 4800 tiones
640 4751 697 4802 et
744 4765 927 4804 rursus
968 4751 1352 4826 terminorum,
1406 4767 1500 4807 eos
1550 4752 1987 4826 ingredientium,
2037 4714 2043 4813 1
2090 4752 2260 4808 semel
2307 4753 2396 4808 vel
2445 4753 2780 4825 experiendo
2827 4751 2919 4807 vel
2965 4751 3346 4810 ratiocinando
3395 4753 3465 4808 de
3499 4752 3650 4808 rebus

414 4832 756 4891 definitiones
784 4837 892 4892 sibi
920 4827 1111 4894 exacte
1148 4841 1505 4912 praefigurare
1541 4847 1840 4914 cogeretur,
1882 4844 1991 4896 tar-
2037 4847 2043 4931 j

2089 4845 2368 4914 comperta
2403 4845 2550 4915 sunt,
2590 4857 2782 4899 eorum
2819 4840 2979 4914 signa
3017 4857 3200 4898 rerum
3235 4841 3456 4897 illarum
3492 4837 3652 4912 signis

414 4920 638 4979 diesime
665 4924 737 4980 ad
766 4941 913 4980 nova
939 4926 1239 5000 detegenda
1266 4929 1599 5002 perveniret,
1642 4931 1689 4986 si
1717 4931 1990 4987 Arithme·
2037 4934 2042 4977 Ι
2089 4933 2211 4985 tuto
2237 4929 2300 4984 in
2332 4933 2612 5002 posterum
2662 4930 3075 5003 conjungantur.
3164 4931 3456 5002 Signorum
3494 4927 3651 5001 igitur

414 5009 553 5068 tiens
581 5013 724 5069 inter
762 5013 1139 5071 calculandum
1176 5015 1425 5072 omnium
1463 5022 1719 5075 notarum
1760 5019 1876 5074 sive
1914 5019 1990 5076 ci-
2036 4988 2041 5045 Ι

414 5101 673 5172 plu-arum
700 5118 837 5175 quas
871 5102 1059 5160 scribit
1084 5104 1296 5161 valore:
1326 5106 1703 5180 unitatumque
1744 5107 1990 5164 multitu-

414 5187 599 5248 dinem
636 5191 899 5252 continuo
936 5192 1215 5268 cogitaret,
1258 5209 1556 5268 numquam
1594 5195 1839 5272 prolixos
1877 5197 1988 5256 cal-

2089 5033 2315 5075 numero
2343 5019 2746 5093 comprehendo
2765 5019 3048 5091 vocabula,
3070 5019 3274 5092 literas,
3305 5020 3502 5092 figuras
3537 5017 3650 5072 che-

2087 5107 2282 5182 micas,
2335 5107 2773 5183 Astronomicas,
2825 5107 3144 5184 Chinensae,
3197 5105 3648 5181 ffiacglyphioes,

2087 5199 2248 5256 notas
2284 5197 2538 5275 Musicae,
2581 5197 3042 5274 stenographieas,
3085 5197 3478 5271 arithmeticas,
3515 5195 3650 5268 alge-
