3717 5850
1122 180 1151 227 ἱ

994 338 1119 397 XV.
1176 338 1561 399 GUILIELMI
1585 340 1859 399 PACIDII
1887 340 2064 401 PLUS
2093 342 2355 403 ULTRA.
3212 344 3300 411 98

114 492 185 547 ἀρε
206 500 291 541 seu
314 480 685 539 Oeconomico.
748 479 893 550 (Ubi
928 496 1005 537 an
1030 480 1231 539 debeat
1256 480 1617 541 iustrumenta
1894 484 2192 559 'lineologia
2217 485 2508 543 naturalis:

112 574 305 653 [qia-ire,
332 570 427 627 ubi
453 570 609 645 pauci
638 570 825 627 multis
850 569 1269 642 aequivalenti)
1802 572 1890 629 De
1917 573 2146 630 veritate
2173 574 2452 646 religionis
2479 574 2828 637 Christianae.

232 664 309 719 De
330 676 391 717 re
415 659 637 715 henim
622 678 635 691 ·
1418 685 1428 695 ι
1806 661 1893 717 De
1920 662 2222 721 Concordia
2237 663 2666 723 Christiauonnu
2695 671 2754 727 et
2776 671 3130 731 conversione
3150 673 3294 731 Gen·

162 754 231 809 De
246 746 677 821 jurisprudentia,
716 745 815 803 ubi
852 745 967 803 de
939 762 1069 816 Jure
1106 751 1333 807 naun-ac
1375 764 1439 803 ac-
1481 764 1615 820 gen·
1712 751 1912 807 tilium.

107 846 218 911 tium,
252 840 477 908 itemque
510 835 722 909 legibus
758 834 1010 908 positivis
1037 834 1223 919 variis,
1264 835 1515 909 inprimis
1542 838 1615 893 de
1802 839 1890 897 De
1916 838 2172 897 socictate
2199 838 2639 914 Theophilomm.

101 935 189 1003 jum
208 930 435 984 Romano
460 928 519 981 et
544 924 615 981 de
644 924 773 994 jnre
810 924 1203 998 Ecclesiastico,
1238 924 1315 981 de
1346 922 1473 993 jure
1514 942 1613 1000 pu-

106 1022 209 1079 blico
230 1034 285 1074 ac
307 1033 363 1073 re
388 1012 619 1071 saeculi.
684 1014 769 1070 De
798 1013 1009 1088 optima
1034 1012 1325 1087 republica.

1557 1510 1763 1600 XV.

1190 1688 1715 1764 GUILIELMI
1766 1688 2138 1765 PACIDII

872 1858 1473 1985 PLUS
1634 1856 2447 1979 ULTRA

104 2084 214 2143 SIVE
246 2082 459 2139 INITIA
500 2082 601 2137 m*
628 2079 1022 2137 SPchssNA
1062 2079 1444 2137 SCIENTIAE
1484 2079 1924 2153 GENERALIQ,
1953 2081 2056 2137 DF.
2099 2080 2692 2139 INSTAURATIONE
2735 2083 2832 2141 ΕΤ
2859 2084 3285 2149 AUGMENTIS

128 2172 561 2230 SClFNTlARUM
592 2170 688 2227 Ac
714 2171 817 2226 DE
852 2168 1339 2226 PERFICIENDA
1380 2169 1639 2225 MENTE
1680 2170 2090 2235 RERUMQUE
2131 2169 2696 2245 INVENTIONIBUS
2738 2173 2846 2229 AD
2872 2168 3242 2235 PUBLIGAM

952 2258 1457 2315 FELICITATEM.
1496 2286 1567 2299 --
1618 2258 2050 2316 OEOONOMIA
2091 2259 2364 2316 OPERIS.

645 2486 1027 2545 (Fragmentum
1074 2484 1308 2534 ineditum
1343 2499 1372 2533 e
1408 2486 1607 2535 scriniis
1641 2480 1975 2537 Bibliothecae
2019 2487 2208 2545 Regiae
2249 2484 2669 2543 Hanoveranae.)

158 2698 515 2756 introductione
544 2699 865 2772 praemissa⁷
894 2698 1187 2755 dicmdum
1212 2698 1336 2773 erit,
1376 2715 1487 2772 qua
1518 2715 1606 2757 ra·
1706 2716 1924 2773 semper
1969 2698 2252 2757 terminari
2301 2702 2530 2769 possunt
2565 2698 2970 2757 controversiae
3013 2705 3281 2775 quantum
3341 2696 3351 2703 ’

102 2790 203 2844 tione
234 2788 497 2848 inciderim
537 2787 603 2843 in
640 2787 775 2843 artis
812 2793 927 2843 tam
978 2786 1247 2844 mirabilis
1284 2788 1606 2845 fundamen-
1706 2804 1779 2845 ex
1818 2788 1964 2845 datis
1999 2806 2094 2845 eas
2131 2786 2484 2845 determinari
2521 2787 2782 2860 possibile
2817 2792 2918 2862 est,
2961 2802 3130 2847 manu
3159 2794 3280 2849 tan·

100 2884 195 2935 tum.
261 2876 559 2934 Dicendum
598 2876 703 2933 erit
754 2892 971 2950 quoque
1024 2876 1093 2934 de
1143 2878 1291 2934 statu
1333 2876 1604 2952 praesenti
1704 2881 1823 2936 tum
1844 2878 1918 2934 ad
1939 2878 2210 2936 calamum
2237 2876 2480 2949 admoto,
2509 2880 2574 2934 ut
2589 2876 2822 2934 sufficiat
2841 2878 2978 2936 duos
2999 2878 3279 2954 disputau-

100 2966 358 3022 eruditionis.
416 2995 488 3008 -
570 2967 647 3022 Ut
694 2971 955 3039 appareat
1018 2965 1307 3022 discrimen
1356 2983 1605 3024 meorum
1704 2971 1787 3024 tes
1834 2967 2052 3024 omissis
2106 2965 2398 3022 verborum
2446 2966 2942 3024 concertationibus
2988 2967 3098 3024 sibi
3137 2968 3278 3026 invi·

99 3056 411 3128 prindpiorum
452 3072 489 3110 a
530 3053 892 3126 cartes-imis,
950 3071 1145 3128 operae
1193 3055 1429 3128 pretium
1478 3056 1601 3130 erit,
1703 3073 1825 3113 cem
1851 3056 2058 3112 dicere:
2100 3054 2556 3127 calculemus‚
2585 3055 2668 3110 ita
2703 3053 2854 3110 enim
2883 3054 3108 3128 perinde
3133 3058 3274 3116 acsi

100 3145 365 3216 praemittere
390 3147 657 3218 excerpta
684 3159 757 3198 ex
784 3142 1197 3212 Objectionibus
1235 3144 1479 3200 virorum
1506 3146 1603 3201 do·
1702 3145 1815 3202 duo
1840 3142 2186 3202 Asithmetici
2211 3143 2554 3215 disputarent
2588 3143 2658 3200 de
2699 3144 2938 3216 quodam
2973 3145 3168 3202 calculi
3193 3163 3276 3204 er-

101 3237 249 3288 dorum
281 3233 345 3288 ad
379 3232 616 3290 Certesii
659 3224 1073 3306 Meditationes,
1124 3233 1459 3306 Cartesiique
1496 3233 1601 3290 Re·
1701 3251 1857 3306 rore3
1897 3233 2018 3307 ipsa
2043 3231 2344 3306 proscripta
2373 3229 2660 3288 methodus
2701 3231 2870 3288 etiam
2893 3231 3275 3306 ignorantibus

103 3322 421 3394 sponsionibus,
448 3321 661 3393 quibus
688 3319 977 3389 subjiciam
1004 3337 1155 3376 meas
1180 3321 1597 3395 Replicationoe,
1700 3323 1789 3380 vel
1836 3321 2028 3379 invitis
2073 3320 2286 3378 exitum
2331 3319 2504 3376 dabit.
2591 3319 2908 3376 Ostenditur
2953 3321 3104 3379 enim
3155 3338 3275 3380 mo·

99 3415 137 3462 et
154 3411 377 3480 quomodo
400 3425 437 3465 a
462 3425 565 3466 me
591 3407 945 3482 suppleantur
981 3426 1121 3483 quae
1156 3410 1263 3466 viri
1288 3411 1371 3466 illi
1396 3412 1601 3483 egregii
1700 3413 1801 3470 dus
1848 3409 2164 3484 disputandi
2213 3408 2274 3464 in
2323 3409 2529 3480 forma,
2580 3409 2907 3465 conveniens
2957 3411 3271 3471 tractationi

100 3500 241 3554 instra
265 3515 295 3554 a
318 3499 567 3555 Cartesio
594 3497 991 3555 desiderabant.
1056 3497 1353 3566 Subjiciam
1372 3505 1429 3556 et
1449 3501 1599 3555 Ana·
1697 3517 1896 3573 nerum,
1943 3515 1978 3555 a
2005 3498 2188 3556 taedio
2215 3497 2668 3554 Scholasticorum
2698 3497 3140 3571 syllogismorum
3177 3517 3273 3558 va·

97 3586 199 3653 lysin
220 3587 533 3654 judiciorum
574 3587 933 3644 homanorum
970 3587 1272 3660 vulgarem,
1318 3593 1413 3644 seu
1450 3588 1599 3662 prin·
1696 3606 1843 3662 cuus,
1879 3591 1936 3644 et
1961 3603 2128 3660 supra
2153 3585 2526 3642 distinctiones
2557 3586 2682 3642 illas
2709 3586 2936 3660 positu&
2975 3587 3174 3659 quibus
3211 3589 3272 3646 in

96 3673 197 3746 eipiu
234 3677 403 3747 quibus
440 3677 620 3748 vulgo
670 3676 955 3732 treminum
1004 3674 1293 3748 opiniones
1330 3677 1595 3749 nituntur,
1692 3678 1894 3736 scholis
1919 3676 2058 3732 alter
2085 3675 2321 3732 alterum
2351 3673 2538 3730 eludit.
3231 3713 3238 3724 .

96 3778 175 3816 uon
210 3765 581 3822 ebnoemnenda
618 3764 863 3838 quidem,
916 3763 1011 3820 sed
1062 3763 1359 3820 dialectica.
1444 3767 1597 3829 Quae
1784 3763 2094 3839 Sper-imina
2147 3761 2486 3831 subjicienda
2543 3765 2708 3818 erunt
2771 3777 2996 3819 novae
3061 3763 3238 3820 artis

94 3855 235 3907 amen
254 3869 345 3910 non
364 3855 507 3911 adeo
546 3869 761 3910 necesse
788 3857 933 3908 esset
956 3869 1211 3909 revocare
1243 3853 1317 3908 ad
1344 3854 1594 3927 certiora,
1697 3871 1896 3927 nempe
1943 3869 2068 3908 mea
2116 3849 2378 3906 Mathoeis
2427 3849 2709 3922 generalis,
2759 3865 2908 3906 nova
2957 3852 3268 3910 mechanica

95 3937 131 3991 si
152 3940 257 3996 nihil
278 3943 407 3999 atiud
433 3959 615 4016 quam
647 3940 769 4010 jam
806 3945 942 3998 nota
981 3943 1317 4014 confirmare,
1352 3941 1597 4016 proposi·
1698 3943 2056 4000 fundamenta
2099 3940 2358 3996 hactenus
2392 3937 2684 4010 incognita.
2760 3938 3268 3999 Demonstrationcs

98 4033 181 4082 tum
201 4035 325 4101 met,
352 4033 447 4088 sed
476 4032 617 4104 quia
646 4029 719 4085 ab
748 4030 964 4100 analysi
996 4029 1245 4086 veritatis
1280 4046 1378 4086 seu
1420 4047 1597 4088 corre—
1696 4030 1956 4106 physicae
1981 4027 2245 4102 generalis
2275 4031 2334 4083 et
2361 4029 2698 4084 tentamenta
2715 4026 2986 4099 quaedam
3007 4029 3268 4101 physicae

99 4117 225 4172 ctione
257 4117 578 4186 juxlidorum
630 4123 941 4176 nostrorum
994 4119 1195 4191 pendet
1230 4121 1411 4176 totum
1450 4137 1598 4176 arca·
1696 4119 1944 4194 specialis
2004 4133 2130 4173 cum
2179 4115 2456 4172 medicina
2513 4113 2884 4189 provisionali.
2983 4117 3268 4176 Elementa

98 4219 187 4260 num
208 4209 320 4262 artis
342 4207 679 4280 inveniendi,
718 4224 831 4281 quo
856 4210 1096 4264 humana
1132 4208 1361 4264 scientia
1395 4209 1455 4264 in
1495 4208 1597 4264 im-
1696 4209 1952 4266 scientiae
1981 4205 2204 4262 moralis
2241 4209 2300 4260 et
2324 4204 2502 4262 civilis
2535 4203 2788 4276 jurisque
2823 4209 3052 4262 naturae
3077 4211 3134 4264 et
3159 4207 3266 4264 utin

99 4307 275 4350 menum
299 4299 519 4370 produci
552 4302 753 4370 posset,
790 4297 915 4354 ideo
944 4296 1079 4354 utile
1110 4300 1209 4368 est,
1238 4313 1341 4354 nos
1368 4297 1441 4354 ad
1468 4297 1595 4354 ulti-
1694 4297 1868 4354 litatis
1911 4294 2174 4368 publicae.
2264 4294 2377 4350 Ubi
2413 4296 2471 4348 et
2507 4293 2578 4349 de
2617 4293 2864 4367 subditis,
2894 4305 3122 4352 onerem
3153 4312 3266 4352 ma·-

100 4397 197 4437 mam
218 4401 363 4458 usque
391 4386 651 4457 analysin
678 4385 945 4460 progredi.
1008 4387 1315 4458 Sequuntur
1342 4384 1462 4459 ipsa
1490 4387 1595 4443 ele·
1693 4405 1803 4459 gna
1832 4389 1989 4459 parte
2015 4381 2278 4454 levandis
2317 4380 2528 4451 majore
2565 4381 2872 4455 principum
2907 4383 3174 4458 utilitate,
3211 4389 3270 4442 et

102 4479 227 4526 nanta
248 4475 477 4532 veritatis
504 4479 780 4547 aeternae,
824 4475 921 4530 ubi
954 4473 1245 4546 exponitur
1284 4473 1495 4548 modu,
1534 4475 1594 4530 in
1640 4508 1645 4557 ἰ
1691 4475 1918 4532 scientia
1945 4471 2186 4530 militari.
2239 4470 2596 4543 Subsequitur
2625 4471 2996 4544 Metaphysiea
3023 4478 3082 4530 et
3119 4475 3265 4532 theo·

101 4561 285 4616 omnihus
307 4563 471 4620 dandi
504 4562 999 4620 ‹nemone-stiones
1038 4563 1200 4636 plane
1230 4563 1501 4636 rigorosas
1538 4568 1595 4620 et

102 4647 415 4708 Mathematicis
440 4669 619 4726 parce,
650 4652 767 4708 imo
792 4651 1113 4726 superiores,
1140 4651 1271 4724 quia
1296 4653 1596 4709 Mathema-

103 4734 157 4790 tici
185 4739 331 4796 multa
364 4745 701 4815 supponunt,
747 4756 885 4813 quae
931 4741 1019 4796 hic
1067 4744 1324 4815 poterunt
1372 4743 1595 4798 demon-

102 4827 217 4882 strari.
274 4829 455 4903 ltaque
480 4832 759 4903 profertur
782 4829 871 4884 hic
896 4828 1133 4886 calculus
1160 4828 1385 4902 quidam
1422 4847 1595 4888 novus

102 4919 135 4966 ’ί
152 4917 391 4991 mirificus,
416 4919 515 4992 qui
552 4919 615 4974 in
642 4918 896 4974 omnibus
928 4918 1131 4974 nostris
1170 4918 1599 4978 ratiocinationi-

102 5000 168 5057 bus
185 5005 335 5064 lomim
358 5008 543 5080 lubet,
580 5012 639 5064 et
664 5007 760 5080 qui
788 5023 903 5064 non
930 5005 1111 5062 min-
1136 5013 1387 5064 aestuate
1414 5026 1597 5082 proce-

102 5089 155 5144 dit
172 5107 303 5163 quam
328 5091 683 5159 Arithmetica
718 5101 817 5154 aut
842 5096 1097 5170 Algebra.
1188 5097 1311 5161 Quo
1350 5097 1597 5156 adhibito

1395 5243 1742 5252 --————-—-——
1753 5241 1877 5249 -ἠ
1913 5239 1978 5246 ——

1690 4565 1839 4637 logia
1863 4561 2178 4632 rationalis3
2221 4559 2453 4632 denique
2481 4559 2832 4616 fundamenta
2867 4560 2947 4618 rei
2995 4562 3269 4622 literar-iae

1692 4671 1789 4710 seu
1828 4654 2190 4710 humanarum
2229 4649 2510 4706 literarum
2551 4653 2609 4704 et
2647 4648 2772 4704 hinc
2805 4648 2998 4708 ductae
3043 4651 3268 4708 demon-

1694 4742 1986 4798 strationes
2013 4739 2295 4798 historicae
2334 4754 2436 4811 pro
2465 4738 2734 4810 theologia
2769 4739 3025 4795 revelata.
3089 4739 3268 4808 Subji-

1694 4831 1839 4887 citur
1887 4826 2235 4904 pamenensis
2288 4827 2360 4882 ad
2409 4827 2556 4882 viros
2597 4826 2864 4899 dignitate
2917 4827 3270 4902 doctrinaque

1698 4917 1945 4993 egregios
1982 4919 2054 4974 dc
2089 4917 2332 4973 humana
2373 4915 2630 4972 felicitate
2669 4915 2870 4988 exiguo
2907 4920 3154 4991 tempore
3189 4915 3266 4986 (si

1698 5009 1930 5073 velimus
1959 5006 2156 5077 modo)
2183 5005 2244 5062 in
2272 5004 2598 5062 immensum
2637 5003 2901 5077 augenda.
3245 5039 3252 5050 .

2464 5268 2584 5324 12·
