3717 5850
443 338 574 407 160

438 494 571 551 dare
631 490 740 547 sibi
796 502 910 543 non
959 488 1168 561 potest,
1207 476 1336 541 'non
1393 500 1554 559 poma
1611 502 1710 559 per
1765 504 1828 543 se
1884 502 2013 544 con·

435 590 650 640 unuare
677 579 918 649 motum,
956 576 1158 631 mirum
1183 574 1382 631 merito
1407 573 1698 632 videbitur.
1783 576 2014 633 Constat

431 671 584 728 enim
609 668 808 741 potius,
849 662 1311 739 quemadmodum
1341 662 1400 719 vi
1427 679 1565 737 opm
1591 666 1676 719 est
1701 664 1774 721 ad
1795 670 2011 722 motum

433 758 692 829 dandum,
722 756 804 811 ita
829 755 961 811 dato
987 753 1158 809 semel
1186 752 1422 826 impetu,
1450 756 1670 809 tantmn
1696 753 1918 829 abesse,
1948 759 2012 812 ut

300 902 310 915 ,
433 848 490 903 vi
541 862 688 903 nova
727 844 802 900 sit
841 860 982 917 opus
1021 842 1093 898 ad
1131 841 1587 916 continuandum,
1639 846 1704 897 ut
1731 844 1916 914 potius
1942 860 2010 900 ea

431 952 570 1010 opus
617 934 692 991 sit
739 932 814 989 ad
863 931 1186 988 sistendum.
1273 930 1420 986 Nam
1455 931 1798 987 consoevatio
1837 932 1937 988 illa
1972 949 2011 989 a

431 1041 598 1083 causa
631 1022 930 1080 miiversali
976 1020 1140 1077 rebus
1177 1018 1511 1092 necessaria,
1548 1017 1710 1089 huius
1749 1020 1857 1077 loci
1894 1038 2009 1077 non

433 1120 536 1188 est,
555 1128 698 1186 quae
717 1116 782 1167 ut
799 1109 922 1179 jam
941 1108 1274 1182 monuimus,
1304 1108 1353 1163 si
1384 1108 1604 1165 tolleret
1621 1124 1808 1166 rerum
1827 1110 2008 1167 effica-

431 1205 594 1276 ciam,
619 1202 788 1260 etiam
815 1199 1032 1255 tolleret
1047 1196 1472 1253 subsistentiam.

525 1292 625 1349 15.
665 1292 756 1347 Ex
791 1287 988 1361 qm'bus
1023 1285 1595 1359 rursus‘intelligitur,
1635 1284 1945 1343 doctrinam
1970 1302 2007 1342 a

430 1380 709 1439 nonnullis
778 1378 1176 1451 propugnatam
1235 1390 1524 1431 causarum
1581 1374 2006 1431 occasionalium

431 1466 579 1550 (nisi
605 1470 688 1526 ita
713 1465 1032 1539 explicetur,
1059 1468 1124 1519 ut
1149 1467 1578 1536 temperamenta
1603 1463 1850 1520 adhiberi
1876 1480 2005 1537 pos-

427 1561 568 1634 sint,
619 1573 762 1631 quae
803 1554 882 1610 Gl.
922 1552 1262 1609 Sturmius
1301 1552 1506 1625 partim
1541 1551 1767 1609 admisit
1799 1552 2003 1626 partim

427 1649 760 1707 admissurus
797 1636 1062 1714 videtur)
1101 1640 1418 1715 periculosis
1462 1641 1860 1715 consequentiis
1902 1641 2003 1697 ob·

427 1738 657 1795 noxiam
707 1748 852 1807 esse,
909 1730 1240 1787 doctissimis
1275 1729 1404 1786 licet
1441 1730 1817 1787 defensoribus
1853 1729 1999 1788 haud

425 1826 592 1884 dubie
618 1823 824 1880 invitis
889 1820 1130 1877 Tantum
1161 1818 1309 1875 enim
1335 1819 1511 1891 abest,
1544 1823 1606 1874 ut
1632 1818 1740 1875 Dei
1765 1820 2000 1891 gloriam

423 1918 622 1988 augeat
635 1955 652 1987 ,
701 1909 946 1969 tollendo
984 1909 1194 1966 idolum
1231 1910 1492 1979 naturae,
1529 1913 1593 1964 ut
1617 1906 1802 1981 potius
1835 1908 1999 1965 rebus

425 2003 622 2061 ematis
648 2002 712 2058 in
739 2000 914 2057 nudas
941 1997 1162 2054 divinae
1189 1996 1350 2052 unius
1369 1996 1706 2053 substantiae
1725 1997 2001 2055 modifica-

423 2094 606 2150 tiones
645 2086 1120 2161 evanescentibus,
1173 2102 1248 2141 ex
1285 2086 1408 2141 Deo
1449 2088 1658 2143 factura
1693 2102 1821 2141 cum
1859 2086 2000 2160 Spi-

423 2198 596 2239 nosa
621 2180 871 2236 videatur
895 2176 1074 2250 ipsam
1101 2191 1282 2231 rerum
1309 2178 1591 2249 natm-am,
1617 2190 1743 2231 cum
1771 2174 1832 2231 id
1849 2175 2001 2249 quod

421 2288 538 2329 non
563 2270 711 2343 agit,
753 2266 898 2340 quod
927 2266 985 2320 vi
1017 2263 1196 2320 activa
1222 2268 1394 2335 caret,
1423 2263 1574 2335 quod
1600 2263 1998 2321 discriminabi-

306 2374 317 2387 ‘
420 2360 604 2433 litate,
657 2356 805 2430 quod
843 2353 1078 2425 denique
1115 2352 1270 2409 omni
1305 2352 1640 2409 subsistendi
1680 2351 1895 2409 ratione
1932 2370 1998 2411 ac

421 2450 776 2507 fundamento
801 2442 1083 2518 spoliatur,
1111 2441 1476 2499 substantiam
1501 2457 1620 2498 esse
1647 2442 1803 2497 nullo
1829 2442 1997 2499 modo

419 2538 608 2615 possit.
695 2532 1006 2591 Certissime
1045 2546 1362 2605 persuasum
1389 2529 1526 2587 mihi
1551 2533 1662 2603 est,
1701 2531 1782 2587 Cl.
1809 2531 1995 2587 Stur-

417 2628 655 2698 mium,
695 2624 876 2679 virum
903 2626 962 2677 ct
987 2620 1192 2694 pietate
1219 2623 1276 2675 et
1305 2619 1556 2675 doch-ina
1579 2618 1879 2692 insignem,
1919 2619 1993 2677 ab

417 2716 504 2774 his
555 2713 822 2789 portentis
867 2728 985 2768 esse
1021 2707 1437 2765 alienissimum.
1532 2707 1724 2780 Itaque
1764 2708 1995 2765 dubium

417 2804 632 2862 nullum
669 2805 779 2874 est,
819 2804 916 2857 aut
951 2802 1294 2855 ostensurum
1335 2812 1452 2853 csse
1487 2795 1729 2871 liquido,
1769 2812 1882 2870 qua
1908 2812 1995 2853 ra-

417 2892 570 2951 tione
605 2894 830 2948 maneat
864 2888 1048 2961 aliqua
1081 2884 1144 2942 in
1171 2886 1335 2943 rebus
1362 2884 1668 2942 substantia
1706 2885 1792 2942 vel
1824 2886 1993 2943 etiam

415 2981 668 3054 variatio,
695 2980 848 3037 salva
875 2977 1122 3034 doctrina
1147 2991 1265 3051 sua,
1296 2979 1394 3033 aut
1421 2974 1640 3031 veritati
1661 2991 1858 3033 manus
1876 2992 1993 3033 esse

415 3073 687 3130 dunarum.

510 3159 612 3218 16.
651 3158 808 3214 Certe
848 3170 959 3227 quo
995 3152 1170 3226 magis
1209 3151 1508 3225 suspicem,
1551 3155 1792 3209 mentem
1821 3152 1992 3226 ipsius

415 3229 530 3308 non
579 3246 712 3303 satis
762 3243 894 3300 mihi
931 3259 1050 3298 esse
1084 3245 1448 3314 perspectam,
1499 3258 1600 3297 nec
1639 3256 1822 3297 meam
1863 3241 1987 3316 ipsi,

414 3339 592 3397 multa
619 3336 854 3392 faciunt-1
923 3331 1142 3387 Alie-ubi
1165 3333 1340 3386 fassus
1367 3329 1504 3385 mihi
1532 3334 1632 3402 est,
1663 3346 1839 3402 posse,
1872 3329 1989 3386 imo

412 3424 795 3502 quoddamodo
823 3420 990 3477 etiam
1018 3419 1234 3490 debere,
1264 3419 1542 3490 quandam
1571 3418 1790 3474 divinae
1816 3418 1990 3475 virtu-

413 3518 488 3574 tis
525 3513 848 3590 particulam
899 3503 994 3582 (id
1027 3512 1138 3580 est,
1191 3511 1253 3562 ut
1282 3507 1507 3580 opinor,
1559 3507 1984 3580 expressionem,

411 3604 792 3673 imitationem,
831 3599 1086 3655 effectum
1115 3594 1456 3669 proximum,
1487 3611 1619 3652 nam
1647 3595 1769 3668 ipsa
1795 3595 1986 3652 divina

409 3695 494 3751 vis
523 3695 584 3750 in
611 3694 792 3764 partes
817 3686 1004 3758 utiquc
1031 3685 1202 3742 secari
1227 3701 1344 3741 non
1371 3681 1602 3758 potest)
1641 3685 1795 3740 velut
1817 3685 1983 3742 rebus

409 3783 714 3859 propriam,
757 3780 813 3834 et
849 3775 1172 3832 attributam
1207 3773 1462 3846 intelligi.
1551 3773 1816 3830 Videatur
1841 3789 1983 3846 quae

407 3872 541 3931 mihi
581 3866 896 3928 summissa
933 3863 1154 3939 repetiit
1185 3863 1248 3920 in
1273 3863 1536 3934 Physicae
1571 3862 1832 3921 electivae
1856 3863 1982 3920 loco

1649 344 1712 401 L.
1799 344 1903 401 DE
1944 344 2106 403 IPSA
2148 342 2475 402 NATURA.

2112 466 2279 561 supra
2302 486 2473 543 citato
2500 478 2605 542 sub
2620 484 2854 544 initium
2880 483 3044 557 hnjus
3074 486 3472 553 edrediasmatis
3534 500 3629 561 Hoc

2110 575 2161 631 si
2191 567 2289 652 (ut
2315 592 2390 631 ex
2418 574 2601 633 verbis
2624 568 2919 653 apparct,)
2958 591 3029 633 co
3056 592 3217 633 sensu
3244 580 3509 661 accipitur,
3541 606 3630 663 quo

2110 664 2356 720 animam
2382 664 2602 721 divinae
2619 664 2943 737 parficulam
2962 681 3129 721 aurae
3148 666 3383 743 dicimus,
3404 671 3513 741 jam
3530 680 3629 737 suh-

2108 753 2225 809 lata
2261 754 2409 809 inter
2444 770 2549 809 nos
2588 757 2813 809 eatenus
2836 754 3203 819 controversia
3230 758 3347 813 erit.
3426 762 3521 819 Sed
3541 782 3628 837 quo

2110 840 2293 898 minus
2319 844 2459 899 hanc
2484 845 2725 899 mentem
2752 841 2922 915 ipsius
2948 843 3221 899 affirmare
3246 846 3480 923 audeam,
3504 855 3625 931 facit,

2109 932 2256 1004 quod
2295 931 2393 987 vix
2429 931 2645 1005 uspiam
2680 929 2817 989 alibi
2859 931 3022 987 video
3060 932 3171 987 tale
3208 934 3407 1007 aliquid
3440 940 3627 1015 abipso

2108 1020 2278 1093 tradi,
2316 1022 2417 1077 aut
2450 1036 2592 1093 quae
2632 1019 2763 1076 inde
2788 1025 3191 1093 consequantur
3214 1024 3438 1097 exponi,
3472 1036 3628 1088 contra

2110 1122 2239 1165 vero
2266 1108 2672 1183 animadverto,
2708 1124 2848 1181 quae
2876 1108 3081 1183 passim
3106 1108 3286 1184 habet,
3314 1113 3430 1169 huic
3454 1122 3627 1175 senten-

2108 1198 2219 1254 tiae
2246 1214 2441 1271 parum
2460 1198 2772 1272 cohaerere,
2814 1196 3255 1256 dissertationem
3280 1204 3453 1257 autem
3476 1207 3627 1277 apolo-

2106 1286 2339 1359 geticam
2364 1286 2425 1343 in
2454 1286 2565 1341 alia
2592 1286 2781 1343 omnia
2806 1286 2903 1343 ire.
2946 1288 3089 1343 Sane
3114 1304 3240 1343 cum
3263 1289 3487 1362 primum
3504 1310 3627 1352 meae

2104 1374 2165 1431 in
2214 1374 2371 1432 Actis
2418 1375 2772 1433 Eruditorum
2817 1375 3188 1449 Lipsiensibus
3238 1393 3417 1433 mense
3460 1381 3626 1440 Manio

2110 1464 2297 1519 1694.
2338 1464 2408 1521 de
2465 1463 2524 1520 vi
2560 1464 2726 1521 insita
2778 1464 3025 1538 prolatae
3073 1467 3399 1540 sententiae,
3450 1464 3625 1547 (quam

2102 1568 2267 1626 porro
2304 1552 2543 1609 illustrat
2580 1553 2855 1627 specimen
2890 1568 3077 1610 meum
3113 1555 3448 1626 dynamicum
3482 1558 3533 1613 in
3556 1560 3625 1615 iis-

2102 1640 2227 1697 dem
2260 1642 2397 1697 actis
2427 1640 2603 1715 April.
2641 1635 2854 1719 1695.)
2892 1642 3162 1716 quaedam
3188 1662 3285 1718 per
3310 1644 3483 1701 literas
3506 1646 3625 1716 obje-

2098 1729 2289 1804 cisset,
2330 1746 2467 1786 mox
2502 1735 2721 1803 accepta
2757 1731 3114 1806 responsione
3152 1748 3300 1805 mea,
3340 1734 3624 1807 perbenigne

2092 1817 2364 1888 judicavit
2402 1818 2615 1875 nullum
2654 1820 2801 1877 inter
2840 1838 2942 1877 nos
2980 1837 3101 1877 csse
3128 1821 3432 1894 discrimen,
3468 1824 3559 1878 nisi
3578 1825 3624 1881 in

2098 1907 2356 1981 loquendi
2382 1897 2581 1978 modo;
2608 1909 2757 1981 quod
2785 1926 2911 1965 cum
2938 1924 3040 1981 ego
3070 1910 3509 1985 animadvertens,
3533 1929 3623 1969 mo-

2098 1997 2341 2055 nuissem
2388 1998 2561 2054 adhuc
2596 1998 2888 2071 nonnulla,
2927 1998 3047 2072 ipse
3075 1998 3203 2069 jam
3240 1999 3301 2055 in
3338 2001 3621 2057 contrarium

2097 2104 2302 2159 ver-sm,
2331 2087 2491 2159 plura
2518 2086 2661 2144 inter
2691 2104 2794 2143 nos
2822 2086 3143 2144 discrimina
3174 2088 3370 2162 posuit,
3394 2104 3520 2161 quae
3542 2108 3621 2162 ego

2098 2191 2335 2248 agnosco
2348 2194 2366 2229 τ
2401 2174 2604 2248 vixque
2644 2175 2727 2231 his
2766 2172 2997 2233 exemtis
3024 2176 3257 2233 tandem
3284 2177 3550 2233 novissime
3570 2196 3622 2234 eo

2098 2263 2289 2335 rediit,
2332 2268 2395 2321 ut
2420 2263 2603 2321 denuo
2630 2265 2919 2339 scriberet,
2958 2264 3067 2321 nisi
3100 2266 3386 2322 verborum
3413 2266 3618 2322 differen-

2096 2352 2234 2409 tiam
2262 2352 2407 2410 inter
2432 2369 2537 2409 nos
2562 2370 2679 2409 esse
2708 2354 2917 2411 nullam
2929 2395 2946 2428 ,
2976 2355 3131 2428 quod
3158 2354 3295 2410 mihi
3323 2357 3537 2411 futumm
3561 2374 3622 2411 es·

2096 2446 2180 2497 set
2206 2441 2593 2514 gratissimum.
2661 2442 2824 2499 Volui
2852 2461 2998 2517 age,
3029 2443 3315 2501 occasione
3338 2444 3620 2499 novissimae

2032 2538 2036 2543 ’
2096 2530 2489 2587 dissertationis
2526 2532 2922 2607 apologeticae,
2976 2548 3099 2589 rem
3138 2531 3219 2587 ita
3254 2548 3533 2606 exponere,
3574 2536 3620 2587 ut

2094 2618 2329 2691 denique
2366 2623 2425 2677 et
2466 2620 2535 2676 de
2562 2620 2835 2677 sententia
2859 2620 3149 2695 cuiusque,
3194 2625 3252 2677 et
3275 2620 3343 2677 de
3370 2620 3621 2677 sentcntiae

2094 2708 2323 2765 veritate
2349 2712 2599 2765 constare
2639 2709 2851 2766 facilius
2878 2710 3071 2783 possit.
3164 2709 3265 2765 Est
3290 2711 3432 2765 enim
3455 2708 3618 2781 alioqui

2092 2812 2294 2869 magna
2336 2796 2459 2853 Viri
2494 2798 2695 2871 egregii
2746 2803 2805 2856 et
2830 2798 2889 2853 in
2918 2798 3295 2873 perspiciendo
3322 2797 3546 2870 solertia,
3576 2800 3621 2851 et

2091 2884 2444 2960 perspicuitas
2480 2886 2541 2943 in
2566 2886 2923 2962 exponend03
2966 2892 3029 2945 ut
3072 2904 3287 2962 sperem
3329 2887 3439 2958 ejus
3470 2884 3619 2942 ‘studio

2092 2991 2207 3031 non
2242 2976 2499 3048 exiguam
2538 2980 2725 3034 tantae
2752 2977 2833 3034 rei
2860 2978 3037 3034 lucem
3067 2977 3255 3035 afferri
3282 2995 3455 3051 posse,
3490 2979 3619 3047 atque

2091 3064 2233 3121 adeo
2254 3065 2344 3120 vel
2362 3064 2490 3122 ideo
2510 3082 2625 3122 non
2646 3065 2899 3122 inutilem
2922 3068 3065 3124 hanc
3090 3082 3315 3140 operam
3332 3081 3496 3122 meam
3512 3067 3617 3134 fore,

2090 3152 2239 3224 quod
2252 3143 2605 3210 ¹occasionem
2632 3155 2689 3209 ei
2720 3157 2949 3212 fortasse
2974 3155 3293 3230 praebitura
3323 3160 3428 3227 est,
3454 3169 3513 3209 ea
3534 3167 3618 3224 qua

2090 3241 2233 3298 solet
2270 3241 2539 3308 industria
2567 3248 2625 3300 et
2662 3243 2719 3298 vi
2742 3243 2941 3313 judicii
2972 3244 3322 3319 expendendi
3348 3247 3498 3314 atque
3522 3241 3618 3297 illu-

2090 3329 2302 3386 strandi
2338 3332 2606 3388 nonnulla
2645 3332 2875 3403 alicujus
2902 3333 2963 3389 in
2992 3334 3219 3406 negotio
3246 3335 3509 3406 praesente
3527 3346 3619 3385 mo-

2087 3419 2261 3474 menti
2300 3421 2678 3492 praetermissa
2705 3422 2963 3478 hactenus
2992 3423 3068 3480 ab
3098 3421 3379 3480 autoribus
3406 3425 3457 3476 et
3479 3435 3510 3475 a
3534 3435 3619 3490 me,

2085 3507 2148 3564 ni
2175 3507 2335 3564 fallor
2360 3508 2520 3564 novis
2551 3512 2609 3566 et
2630 3510 2796 3566 altius
2822 3512 3101 3584 repertitis
3128 3517 3187 3568 et
3212 3512 3323 3567 late
3348 3509 3469 3565 fusis
3494 3508 3620 3563 axio-

2086 3595 2327 3653 matibus
2364 3597 2617 3654 nonnihil
2667 3600 2942 3674 suppleta,
2986 3616 3061 3656 ex
3110 3601 3308 3674 quibus
3352 3598 3619 3654 restitutum

2084 3685 2538 3759 emendatumque
2566 3691 2805 3762 systema
2842 3689 3059 3746 mediae
3096 3689 3245 3746 inter
3282 3687 3541 3746 formalem
3576 3687 3621 3738 ct

2082 3775 2439 3831 materiarum
2467 3775 2839 3850 philosophiae
2868 3771 3188 3856 (conjuncta
3214 3781 3511 3848 servataque
3532 3773 3620 3830 rite

2082 3857 2345 3944 utraque)
2376 3865 2527 3922 nasci
2555 3865 2771 3922 videtur
2796 3866 3097 3941 aliquando
3125 3883 3303 3942 pm.
