3717 5850
1577 376 1599 408 Ι
1681 375 1686 382 .

1631 467 1793 559 ΙΠ.

31 573 942 780 ¹''corqussio
973 656 1720 782 NATURAE
1759 658 2397 782 CONTRA
2440 656 3334 786 ATHEISTAS.

1546 907 1864 918 --——-—----

1437 1003 1980 1096 1668.

76 1306 306 1360 [spizelii
341 1307 570 1360 Epistola
606 1307 668 1351 ad
706 1307 821 1353 Ant.
859 1307 1118 1354 Relscrum
1155 1307 1214 1352 de
1251 1307 1548 1353 eradicando
1588 1306 1847 1353 atheismo.
1919 1308 2067 1362 Aug.
2106 1307 2349 1353 Vindel.
2425 1307 2574 1355 1669.
2602 1326 2671 1336 —·
2708 1307 2913 1354 Leibn.
2952 1311 3075 1365 opp.
3113 1311 3333 1356 omnu-

140 1383 276 1422 tens
315 1380 456 1424 Toni.
495 1381 533 1423 1.
571 1375 720 1433 μδ.)

733 1703 916 1762 PARS
951 1702 990 1760 1.

157 1823 406 1907 QUOD
465 1822 726 1890 RATIO
783 1822 1567 1890 PHAENOMENORUM

76 1927 687 1996 CORPORALIUM
750 1927 1022 1995 REDDI
1084 1929 1266 1996 NON
1333 1929 1654 2016 POSSI‘P,

160 2035 352 2102 SINE
397 2035 947 2102 INCORPOREO
991 2034 1434 2119 PRINCIPIO,
1476 2037 1569 2104 ID

653 2140 823 2208 EST
873 2141 1072 2208 DEO.

163 2329 352 2386 Divini
391 2329 600 2402 ingenii
639 2330 724 2384 vir
760 2330 1168 2386 Franciscus
1221 2332 1526 2389 Baconus
1576 2334 1658 2390 dc

73 2419 482 2476 Verulamio
517 2423 664 2474 recte
691 2419 854 2490 dixit,
883 2419 1284 2493 philosophiam
1311 2420 1491 2477 obiter
1519 2421 1656 2478 liba-

73 2520 189 2564 tam
217 2527 251 2564 a
283 2509 432 2564 DFio
461 2508 746 2580 abducere,
775 2508 992 2580 penitus
1021 2510 1272 2564 haustam
1299 2511 1553 2566 reducere
1581 2512 1654 2566 ad

71 2599 324 2654 eundem.
399 2597 728 2670 Experimur
763 2597 864 2653 hoc
901 2598 1082 2654 seculo
1111 2603 1318 2672 nostro,
1361 2599 1526 2656 feraci
1557 2617 1652 2672 pa-

73 2689 204 2742 riter
249 2685 512 2742 scientiae
559 2690 618 2742 et
667 2685 980 2758 impietatis.
1045 2688 1184 2744 Cum
1235 2688 1384 2744 eniin
1421 2689 1652 2744 excultis

75 2775 282 2848 egregie
309 2774 710 2830 mathematicis
738 2775 966 2847 artibuS,
996 2780 1054 2831 et
1089 2793 1274 2832 rerum
1303 2777 1652 2834 interioribus

81 2883 172 2937 per
225 2864 512 2920 Clieniiam
561 2867 618 2918 et
654 2864 1012 2920 Anatoiniam
1069 2867 1296 2922 tentatis
1347 2871 1650 2941 appareret,

79 2954 458 3026 plerorumque
481 2953 722 3009 rationes
748 2970 822 3009 ex
847 2971 1140 3027 corporum
1179 2958 1352 3028 figura
1391 2961 1652 3029 motuque

79 3044 216 3098 velut
229 3042 545 3099 mechanice
552 3042 708 3098 reddi
719 3060 898 3116 posse,
911 3060 1050 3116 quos
1057 3048 1265 3100 veteres
1278 3045 1365 3101 vel
1375 3045 1452 3101 ad
1473 3047 1652 3102 solum

77 3134 386 3187 Creatorem
409 3132 496 3186 vel
505 3131 578 3188 ad
587 3132 768 3187 noecio
777 3148 911 3204 quas
923 3132 1288 3206 incorporales
1299 3136 1502 3190 formas
1511 3140 1656 3191 retu-

82 3222 278 3291 lerant,
315 3226 439 3276 tuin
467 3238 599 3276 vero
624 3220 890 3291 ingeniosi
919 3222 1144 3293 quidam
1177 3223 1416 3295 primum
1442 3227 1656 3281 tentare

81 3313 384 3382 coeperunt,
407 3314 634 3383 possent
658 3326 730 3365 ne
747 3310 1124 3383 phaenomena
1143 3312 1430 3384 naturalia,
1452 3326 1548 3369 seu
1567 3330 1650 3385 ea,

81 3414 210 3470 quae
233 3399 292 3453 in
311 3397 634 3471 corporibus
651 3404 930 3471 apparent,
945 3400 1146 3455 salvari
1163 3405 1220 3455 ct
1237 3401 1519 3474 explicari,
1532 3402 1654 3459 Deo

82 3504 186 3543 non
203 3488 508 3561 supposito,
529 3504 630 3543 nec
655 3487 727 3542 ad
754 3488 1190 3545 ratiocinandum
1217 3494 1487 3545 assmnto:
1517 3506 1654 3546 mox

83 3576 168 3632 nbi
183 3577 408 3649 paulum
427 3594 514 3633 τω
533 3576 785 3632 successit
805 3576 1130 3651 (antequam
1151 3578 1354 3634 scilicet
1373 3580 1444 3635 ad
1462 3580 1654 3635 funda-

83 3670 262 3721 menta
289 3669 348 3721 et
389 3664 660 3738 principia
687 3667 992 3737 venissent)
1019 3667 1172 3723 velut
1207 3667 1542 3739 gratulantes
1569 3686 1652 3724 se·

81 3753 298 3809 caritati
349 3771 482 3810 suae
541 3756 850 3827 permature
904 3756 1290 3829 prodiderunt,
1361 3773 1420 3811 se
1476 3772 1654 3829 neque

83 3844 280 3914 Deum,
319 3858 492 3915 neque
527 3842 998 3901 immortalitatem
1037 3844 1256 3915 animae
1291 3846 1528 3901 naturali
1565 3860 1652 3901 ra-

32 3968 34 3973 ·
83 3933 234 3987 tione
259 3933 510 4005 reperire,
541 3932 636 3988 sed
667 3932 830 3989 tidem
855 3932 976 4002 ejus
1003 3934 1084 3990 rei
1112 3933 1201 3989 vel
1242 3934 1542 4008 praeceptis
1576 3935 1651 3990 ci-

85 4020 278 4075 vilibus
307 4021 393 4076 rel
421 4020 773 4077 historiarum
805 4022 1062 4079 relationi
1091 4022 1294 4095 deberi,
1336 4022 1419 4078 ita
1443 4023 1654 4080 censuit

88 4109 462 4165 subtilissimus
503 4110 556 4165 H
573 4108 816 4183 obbes,
855 4111 1092 4167 inventis
1131 4111 1244 4167 suis
1285 4111 1510 4168 meritus
1550 4112 1654 4169 hoc

89 4198 196 4253 loco
221 4198 396 4270 sileri,
421 4198 526 4253 nisi
547 4199 863 4255 auctoritati
883 4199 1004 4269 ejus
1032 4201 1092 4255 in
1120 4200 1358 4257 deterius
1385 4201 1654 4257 valiturae

89 4287 410 4343 nominatim
448 4287 670 4344 obviam
707 4289 950 4345 eundum
976 4292 1132 4346 oeset.
1219 4290 1404 4363 Atque
1441 4290 1655 4346 utinam

32 4436 34 4439 y
91 4394 188 4431 non
223 4376 324 4431 alii
337 4416 356 4447 ,
400 4376 614 4449 longius
640 4377 927 4451 progressi,
966 4377 1198 4450 jamque
1237 4378 1308 4434 de
1347 4379 1656 4453 Scripturas

90 4482 254 4520 mac
283 4464 628 4538 auctoritate,
658 4466 728 4522 dc
757 4467 986 4525 veritate
1003 4466 1370 4539 historiarum,
1402 4467 1472 4525 de
1487 4468 1657 4523 histo-

91 4554 282 4609 riarum
307 4554 578 4610 relatione
597 4554 912 4611 dubitantes
931 4555 1276 4613 Atheismum
1305 4558 1512 4614 mundo
1539 4573 1654 4613 non

93 4642 301 4699 obscure
327 4642 682 4701 invexissent.

163 4734 282 4788 Hoc
325 4748 460 4788 vero
496 4732 634 4789 milii
679 4732 978 4789 admodum
1013 4733 1300 4807 indignum
1346 4732 1526 4789 visum
1572 4738 1656 4791 est

32 4886 34 4895 ‚
91 4821 320 4877 animum
349 4824 604 4879 nostrum
639 4838 742 4877 sua
780 4822 949 4896 ipsius
989 4822 1126 4895 luce,
1170 4823 1228 4879 id
1268 4828 1370 4895 est,
1409 4823 1656 4878 Philoso-

32 4912 34 4989 ᾖ
93 4910 201 4981 phia
237 4910 588 4983 praestringi.
639 4911 808 4984 Coepi
848 4911 1016 4985 igitur
1051 4912 1282 4985 ipsemet
1309 4911 1655 4985 inquisitioni

93 5014 254 5055 mrum
291 5000 640 5071 incumbere,
679 5002 846 5056 tanto
883 5002 1254 5057 vehementius
1267 5040 1284 5073 ,
1326 5004 1533 5073 quanto
1581 5003 1656 5057 fe-

91 5088 262 5145 rebam
301 5087 705 5163 impatientiuS,
735 5104 826 5145 me
853 5090 1102 5145 maximo
1127 5090 1276 5145 vitae
1303 5090 1470 5161 bono,
1499 5089 1656 5146 certi-

90 5177 261 5235 tudine
277 5179 486 5236 scilicet
505 5178 850 5235 aeternitatis
867 5183 992 5253 post
1003 5183 1256 5252 mortem,
1267 5183 1426 5253 etspe
1437 5178 1656 5235 divinae

1755 1622 2141 1678 beneficentiae
2170 1621 2229 1676 iii
2258 1624 2433 1678 bonos
2463 1641 2527 1678 ac
2556 1625 2869 1680 iimocentes
2906 1625 3205 1698 aliquando
3241 1645 3337 1700 ap-

1755 1711 2047 1785 pariturae,
2079 1709 2239 1778 dejici
2270 1728 2367 1783 pcr
2396 1712 2727 1768 subtilitates
2757 1718 3105 1772 novatorum.

1842 1799 2103 1872 Sepositis
2143 1799 2310 1872 igitur
2349 1799 2693 1872 praeiudiciis
2730 1805 2790 1856 et
2830 1801 3002 1857 dilata
3030 1805 3338 1876 Scripturae

1756 1893 1812 1944 et
1838 1887 2097 1944 historiae
2126 1889 2233 1943 tide
2270 1893 2569 1944 anatomen
2606 1907 2901 1962 corporum
2929 1898 3113 1947 niente
3148 1911 3336 1966 aggre-

1756 1978 1897 2050 dior,
1928 1981 2235 2032 tentaturus
2261 1993 2336 2031 an
2364 1995 2555 2032 eorum
2580 1993 2723 2048 quae
2750 1977 2809 2032 in
2836 1980 3155 2052 corporibus
3175 1999 3337 2038 sensu

1755 2069 2040 2139 apparent,
2082 2066 2353 2122 rationein
2393 2067 2617 2122 reddere
2646 2065 2907 2140 possibile
2932 2069 3023 2141 sit,
3064 2069 3185 2125 sinc
3212 2087 3336 2144 sup-

1757 2155 2030 2228 positione
2056 2171 2251 2210 causae
2278 2154 2650 2228 incorporalis
3396 2141 3409 2162 ⁶

1844 2244 1929 2300 Ac
1960 2243 2227 2316 principio
2256 2243 2532 2299 hodiernis
2571 2244 2909 2317 philosophis
2946 2247 3197 2303 Democ
3211 2248 3267 2304 ri
3280 2249 3335 2304 ti

1757 2337 1813 2389 et
1841 2332 2129 2404 Epicuri
2167 2333 2655 2406 resuscitatoribus,
2688 2349 2825 2405 quos
2866 2335 3219 2391 Robertus
3258 2337 3337 2394 de

1756 2422 1971 2491 Boyle
2006 2421 2409 2493 corpuscularae
2449 2439 2565 2478 non
2600 2421 2787 2494 inepte
2815 2423 3071 2497 appellat,
3115 2429 3178 2480 ut
3207 2427 3336 2482 Ga·

1757 2511 2001 2584 lilaeo,
2034 2511 2337 2583 Bacon0,
2364 2511 2747 2582 Gassendo,
2779 2512 3132 2586 Cartesio,
3165 2515 3337 2572 Hob-

1755 2599 1794 2655 b
1807 2615 1875 2654 es
1888 2599 1982 2671 io,
2030 2599 2111 2654 Di
2122 2599 2337 2671 gbaeo
2376 2600 2535 2656 facile
2570 2600 3048 2656 condescendendo
3088 2620 3337 2659 assensus

1753 2701 1905 2761 sum,
1959 2687 2021 2742 in
2067 2688 2357 2744 reddendis
2415 2689 2780 2761 corporalium
2830 2689 3337 2748 l’liaenomenorum

1753 2776 2057 2833 rationibus
2086 2793 2261 2848 neque
2288 2777 2363 2832 ad
2390 2777 2599 2851 Deum,
2635 2793 2813 2848 neque
2843 2778 3013 2834 aliani
3040 2795 3336 2850 quamcun-

1752 2882 1860 2938 que
1888 2865 2024 2939 rein,
2058 2867 2399 2937 formamque
2441 2870 2539 2922 aut
2578 2865 2899 2939 qualitatem
2936 2867 3335 2943 incorporalem

1754 2956 1875 3011 sine
1902 2956 2219 3011 necessitate
2244 2955 2667 3027 confugiendum
2694 2972 2827 3012 esse.

1843 3044 1989 3114 (Nec
2015 3044 2147 3099 deus
2173 3043 2405 3116 intersit,
2444 3044 2551 3099 nisi
2580 3044 2777 3116 dignus
2804 3044 3020 3101 vindice
3054 3047 3298 3103 nodus--

1755 3133 2052 3202 inciderit).
2121 3132 2227 3189 Sed
2266 3133 2455 3189 omnia
2496 3134 2679 3205 quoad
2717 3131 2837 3201 ejus
2874 3134 2992 3189 fieri
3032 3136 3221 3209 possit,
3260 3154 3334 3193 ex

1755 3226 1953 3278 natura
1979 3222 2241 3295 corporis,
2273 3221 2569 3295 primisque
2588 3220 2707 3289 ejus
2728 3221 3100 3299 qualitatibus,
3125 3226 3335 3298 magni·

1757 3310 1963 3383 tudine,
1994 3312 2167 3383 fioura
2194 3315 2251 3365 et
2278 3314 2432 3367 motu
2462 3309 2781 3367 deducenda
2806 3328 2943 3369 esse.

1843 3400 1949 3457 Sed
1978 3400 2110 3472 quid
2140 3400 2191 3455 si
2230 3400 2614 3472 demonstrem,
2646 3416 2717 3455 ne
2754 3400 2949 3457 harum
2974 3400 3197 3472 quidem
3226 3404 3335 3475 pri-

1754 3505 1971 3545 marum
1998 3488 2325 3561 qualitatum
2352 3488 2619 3562 originem
2646 3488 2707 3545 in
2734 3494 2933 3545 natm-a
2972 3491 3215 3563 corporis
3252 3509 3335 3549 re·

1754 3578 1921 3651 periri
1948 3578 2139 3650 posset
2185 3578 2329 3632 Tum
2370 3595 2499 3633 vero
2526 3576 2874 3652 patebuntur,
2916 3582 2981 3633 ut
3014 3596 3193 3653 spero,
3238 3598 3335 3637 na·

1755 3666 2037 3723 turalistae
2064 3666 2257 3739 nostri,
2288 3683 2519 3739 corpora
2546 3666 2655 3721 sibi
2682 3683 2799 3723 non
2826 3668 3070 3722 sufficere
3088 3684 3189 3723 nec
3216 3669 3335 3726 sine

1753 3754 2026 3829 principio
2052 3754 2373 3827 incorporeo
2392 3753 2687 3810 subsistere
2705 3772 2882 3828 posse.
2928 3756 3333 3814 Demonstrabo

1755 3860 1885 3899 vero
1913 3860 2015 3899 nce
2042 3844 2269 3898 obscure
2296 3860 2397 3899 nec
2423 3844 2681 3899 flexuose.

1840 3932 1900 3988 Si
1928 3931 2131 3987 scilicet
2156 3931 2445 4003 qualitates
2472 3931 2611 3987 istae
2636 3946 2711 3987 ex
2738 3930 3055 3987 definitione
3090 3933 3334 4007 corporis

1753 4021 1949 4077 deduci
1973 4038 2087 4076 non
2116 4024 2360 4093 possunt,
2389 4020 2739 4076 manifestum
2765 4024 2850 4076 est
2876 4036 2971 4077 eas
3008 4020 3069 4075 in
3094 4023 3335 4095 corpori-

1753 4110 1856 4167 bus
1894 4108 2003 4165 sibi
2041 4109 2243 4166 relictis
2270 4109 2505 4166 existere
2540 4126 2657 4164 non
2698 4126 2871 4181 posse.
2950 4108 3144 4165 Omnis
3182 4112 3335 4167 enini

1755 4198 2061 4256 affectionis
2088 4198 2233 4254 ratio
2261 4199 2347 4254 vel
2378 4214 2451 4254 ex
2490 4214 2553 4253 re
2588 4197 2729 4271 ipsa,
2769 4198 2859 4254 vel
2900 4214 2973 4253 ex
3012 4198 3201 4271 aliquo
3238 4217 3333 4256 ex-

1755 4288 1990 4345 trinseco
2029 4287 2347 4344 deducenda
2386 4292 2485 4343 oet.
2552 4287 2813 4343 Definitio
2856 4292 3043 4343 autem
3091 4290 3335 4362 corporis

1754 4382 1838 4435 est
1866 4377 2045 4450 spatio
2086 4376 2396 4433 inexistere.
2463 4376 2536 4431 Et
2572 4392 2763 4432 omnes
2800 4375 3049 4433 homines
3087 4376 3225 4434 illud
3253 4378 3335 4435 di·

1754 4471 1888 4523 cunt
1923 4482 2146 4539 corpuS,
2198 4466 2346 4538 quod
2384 4464 2445 4520 in
2483 4465 2661 4537 spatio
2702 4464 2889 4537 aliquo
2928 4465 3234 4541 reperiunt,
3278 4472 3337 4524 et

1753 4559 1949 4612 contra
1975 4554 2125 4626 quod
2151 4570 2347 4627 corpus
2375 4557 2476 4625 est,
2519 4553 2580 4608 in
2606 4554 2788 4626 spatio
2826 4554 3012 4626 aliquo
3039 4555 3333 4629 reperiunt.

1755 4646 1983 4701 Constat
2029 4644 2163 4699 haec
2202 4642 2447 4699 definitio
2484 4641 2700 4699 duobus
2738 4642 3015 4718 terminiS,
3056 4644 3237 4718 spatio
3278 4649 3337 4701 et

1753 4732 2063 4790 existentia.

1845 4822 1935 4877 Ex
1970 4821 2135 4895 spatii
2174 4819 2413 4875 termino
2449 4820 2623 4876 oritur
2662 4819 2721 4875 in
2763 4834 2991 4893 corpore
3016 4821 3335 4893 magnitudo

1755 4916 1812 4968 et
1839 4912 2025 4984 figura.
2086 4911 2293 4982 Corpus
2332 4908 2481 4965 enim
2508 4909 2741 4965 eandem
2776 4909 2967 4966 statim
3006 4909 3335 4980 magnitudi-

1759 5016 1887 5056 nem
1932 5005 1993 5055 et
2039 5000 2269 5071 figuram
2316 4997 2485 5054 habet
2530 5014 2658 5054 cum
2706 4998 2887 5072 spatio
2937 4998 3087 5069 quod
3124 4998 3331 5071 implet.

1757 5090 1863 5145 Sed
1890 5092 2063 5145 restat
2089 5088 2319 5144 dubium
2356 5102 2455 5143 eur
2493 5089 2711 5143 tantum
2748 5087 2933 5162 potius
2969 5090 3027 5141 et
3064 5087 3177 5143 tale
3212 5103 3334 5159 spa-

1759 5178 1901 5235 tium
1926 5177 2170 5252 impleat,
2200 5191 2369 5251 quam
2394 5175 2565 5251 aliud,
2594 5180 2653 5233 et
2679 5176 2761 5234 ita
2784 5192 2882 5233 cur
2906 5175 3147 5248 exempli
3172 5190 3337 5233 cama
