3717 5850
1889 468 2144 567 XVI.

1544 644 2067 719 GUlLlELMl
2118 646 2484 720 PAcmn

1066 812 1621 936 INITIA
1672 770 1928 934 ΕΤ
2014 780 2967 1043 SPECIMINA

1585 1035 1968 1093 SCIENTIAE
2017 1038 2440 1096 GENERALIS.

652 1294 1049 1353 (Fragmentum
1083 1291 1300 1342 Lelbnl
1315 1291 1547 1373 ιιιιιιιιιι
1582 1291 1795 1337 nondum
1828 1280 2011 1338 editum
2047 1305 2077 1339 e
2111 1294 2312 1341 scriniis
2345 1294 2684 1341 Bibliothecae
2716 1292 2906 1349 Regiae
2941 1289 3348 1347 Hauoverauae.)

478 1536 603 1601 Quo
631 1533 803 1605 magis
816 1534 1091 1605 appareat
1118 1528 1390 1602 omnibus,
1413 1527 1616 1584 librum
1642 1528 1784 1587 hunc
1809 1546 1845 1585 a
1874 1544 1964 1586 me

390 1640 505 1680 non
525 1625 720 1694 famae,
743 1636 909 1693 quam
928 1626 1111 1676 tamen
1127 1635 1303 1691 neque
1326 1620 1633 1691 contemno,
1658 1633 1832 1690 neque
1857 1621 1964 1675 for-

390 1716 533 1768 tasse
569 1709 1024 1766 contemnendam
1049 1708 1223 1765 habeo
1252 1707 1487 1779 dudum,
1528 1706 1623 1761 sed
1658 1708 1964 1763 communis

387 1799 641 1857 utilitatis
659 1814 827 1855 causa
842 1797 1121 1873 publicari,
1136 1811 1339 1851 nomen
1360 1812 1545 1851 meum
1556 1811 1671 1851 non
1690 1796 1797 1851 nisi
1818 1812 1966 1852 com-

391 1892 663 1946 mutatum
681 1888 973 1961 praefigere
993 1885 1231 1956 decrevi,
1254 1900 1429 1957 eoque
1447 1883 1671 1940 liberius
1692 1885 1964 1957 quaedam

2063 1530 2224 1587 malis
2263 1530 2574 1604 distinguit,
2613 1531 2730 1587 imo
2769 1530 2820 1587 si
2855 1529 3292 1603 conspirantibus
3329 1535 3572 1587 naturae
3603 1536 3660 1586 et

2061 1619 2314 1692 religioni
2340 1620 2668 1691 credendum
2695 1624 2805 1691 est,
2835 1620 3130 1691 aliquando
3159 1620 3338 1676 felices
3365 1637 3402 1675 a
3427 1619 3660 1675 miseris

2062 1708 2474 1765 discriminabit.
2516 1708 2662 1763 Nam
2691 1725 2724 1765 a
2751 1708 3062 1781 cognitione
3082 1708 3187 1765 Dei
3216 1714 3273 1765 ct
3299 1725 3490 1765 amore
3517 1726 3659 1782 pro-

2063 1798 2240 1853 fluunt
2259 1795 2478 1867 justitia
2505 1802 2562 1853 et
2587 1796 2812 1869 caritas,
2851 1798 3176 1853 documenta
3203 1797 3465 1870 veritatis,
3485 1797 3659 1866 cujus

2063 1886 2255 1943 doctor
2282 1886 2522 1943 Christus
2543 1886 2665 1943 luit.
2704 1886 2850 1950 Quin
2877 1890 2934 1941 et
2961 1886 3010 1941 si
3037 1886 3182 1958 leges
3207 1886 3492 1957 civitatum
3519 1904 3659 1959 spe-

390 1978 463 2035 ad
481 1976 641 2047 huius
660 1992 857 2049 operae
884 1973 1412 2031 commendationem
1440 1973 1766 2045 pertinentia
1786 1974 1964 2029 dicere
2062 1980 2288 2047 ctamuS,
2320 1974 2382 2030 in
2408 1974 2560 2030 nulla
2586 1974 2804 2047 publica
2829 1992 2888 2029 re
2921 1974 3164 2047 privatus
3189 1976 3354 2031 homo
3381 1976 3660 2031 innocen-

391 2069 611 2141 potero,
653 2080 795 2138 quae
832 2062 1039 2135 alioqui
1070 2061 1371 2133 Jactantiae
1402 2065 1656 2134 poterant
1681 2062 1959 2136 imputari,
2063 2064 2174 2119 tius
2201 2068 2257 2119 et
2285 2064 2498 2119 minore
2537 2062 2965 2136 reprehensionis
2991 2080 3056 2119 ac
3085 2062 3370 2121 turbarum
3397 2064 3660 2138 periculo

393 2172 429 2211 a
456 2154 611 2225 cujus
648 2158 835 2209 tamen
872 2152 1177 2225 suspicione
1214 2168 1302 2207 me
1343 2152 1570 2207 fortasse
1608 2151 1837 2207 lectores
1875 2168 1964 2207 ae·
2061 2157 2322 2226 versatim
2351 2168 2522 2226 quam
2547 2151 2610 2207 in
2636 2152 2984 2207 scientiarum
3009 2152 3403 2210 instauratione
3431 2170 3494 2209 ac
3513 2170 3662 2226 pro·

392 2244 487 2317 qui
512 2258 799 2313 rerumque
836 2240 1199 2312 intelligentes
1227 2237 1585 2295 absolverent.
1672 2240 1821 2296 Ante
1846 2255 1964 2295 om·
2063 2243 2223 2313 fectu,
2253 2257 2369 2297 non
2397 2240 2578 2297 minus
2599 2241 2746 2297 enim
2767 2240 2972 2314 publici
2985 2240 3129 2309 juris
3147 2246 3231 2297 est
3249 2242 3450 2298 veritas
3471 2258 3660 2314 quam

390 2332 487 2387 nia
514 2331 682 2404 igitur
708 2346 872 2402 cogor
898 2329 1158 2403 profiteri,
1187 2328 1334 2401 quod
1360 2344 1449 2383 res
1476 2328 1587 2383 esti
1613 2328 1758 2385 inter
1778 2332 1865 2384 tot
1885 2328 1963 2383 vi·
2063 2334 2175 2403 aer,
2205 2346 2368 2403 quem
2387 2330 2680 2403 haurimuS,
2704 2334 2761 2385 et
2780 2330 2881 2385 lux
2900 2344 3066 2403 quam
3088 2330 3428 2405 percipimuS,
3461 2347 3660 2402 neque

392 2437 484 2478 ros
524 2418 765 2493 egregios
808 2418 982 2473 nostri
1019 2416 1295 2491 temporis,
1334 2432 1459 2471 cum
1498 2416 1695 2490 quibus
1733 2434 1833 2490 ego
1869 2433 1963 2472 ne·
2061 2418 2188 2473 ullis
2227 2418 2394 2473 armis
2435 2418 2670 2474 validius
2719 2422 2984 2489 coguntur
3032 2418 3280 2474 homines
3319 2420 3392 2475 ad
3431 2418 3660 2475 bonam

393 2525 499 2583 que
526 2507 597 2564 de
623 2506 842 2581 ingenio
880 2522 1057 2579 neque
1094 2506 1165 2563 de
1200 2502 1447 2561 doctrina
1483 2504 1829 2578 certaverim,
1871 2522 1964 2577 ne-

393 2597 599 2653 minem
628 2596 785 2653 facile
812 2594 1021 2664 majore
1047 2593 1227 2651 studio
1248 2594 1563 2666 sinceroque
1582 2593 1756 2667 magis
1784 2594 1845 2649 in
1873 2611 1964 2649 ve-

390 2686 629 2757 ritatem,
678 2683 920 2755 lucrique
968 2685 1027 2739 et
1073 2682 1391 2739 ambitionis
1426 2698 1583 2755 puro,
1626 2684 1825 2739 affectu
1866 2698 1964 2755 per

392 2788 557 2831 omne
598 2772 1003 2845 disciplinarum
1030 2788 1199 2844 genus
1235 2771 1455 2843 publico
1491 2771 1702 2845 generis
1738 2770 1965 2827 humani

394 2864 543 2921 bono
580 2860 871 2918 laborasse.
956 2858 1117 2915 lllam
1154 2859 1303 2916 enim
1338 2865 1396 2915 et
1432 2875 1641 2917 mecum
1670 2860 1837 2917 statui
1865 2858 1964 2917 du·

392 2953 525 3010 dum
539 2991 555 3024 ,
606 2955 663 3006 et
700 2950 875 3006 multo
911 2950 1195 3006 hominum
1235 2965 1337 3006 usu
1380 2949 1739 3006 certissimam
1776 2950 1964 3023 depre-

390 3039 553 3098 hendi
594 3055 754 3096 verae
791 3037 1010 3112 pietatis
1055 3041 1273 3094 notam:
1326 3037 1389 3092 ιιι
1426 3037 1511 3094 his
1546 3039 1789 3096 maxime
1826 3037 1964 3094 eniti

390 3130 453 3186 ιιι
479 3128 563 3186 his
600 3143 699 3184 sua
725 3126 1064 3200 compendia,
1107 3143 1264 3182 suam
1300 3126 1637 3200 voluptatem
1676 3128 1960 3198 collocare,

390 3233 533 3292 quae
568 3216 629 3272 in
670 3216 944 3288 publicam
993 3216 1225 3272 salutem
1266 3215 1588 3289 redundant,
1630 3213 1962 3272 commoveri

391 3306 609 3381 penitus
644 3305 879 3360 aliorum
917 3303 1102 3377 malis,
1142 3308 1199 3360 et
1234 3305 1283 3359 si
1322 3320 1595 3362 occurrere
1632 3305 1807 3377 possis
1846 3321 1964 3360 non

312 3381 319 3388 ’
392 3394 559 3452 modo
600 3409 713 3449 non
748 3393 1111 3449 incommodis
1149 3393 1245 3448 sed
1282 3409 1457 3465 neque
1501 3391 1751 3465 periculis
1788 3392 1963 3448 deter-

390 3482 516 3540 reri.
581 3481 740 3548 Quod
774 3481 1061 3538 hominum
1098 3497 1266 3555 genus
1306 3480 1418 3537 scio
1458 3497 1651 3554 parum
1678 3480 1962 3554 politicum

390 3571 501 3628 mis
528 3569 719 3642 videri,
750 3571 948 3644 quibus
969 3569 1091 3626 finis
1118 3571 1370 3626 laborum
1412 3556 1672 3642 censetfir,
1702 3569 1842 3626 hane
1880 3569 1962 3624 vi-

390 3665 508 3718 tam
529 3658 769 3730 jucunde
794 3659 1107 3732 transigere,
1147 3663 1245 3714 aut
1270 3658 1366 3732 qui
1392 3663 1585 3715 cuncta
1610 3659 1852 3716 referunt
1889 3658 1962 3714 ad
2060 3659 2272 3716 saeculo
2311 3660 2802 3716 demonstrationes
2839 3661 3000 3718 edere
3037 3664 3382 3736 tentaverint,
3423 3681 3666 3738 semper

390 3765 547 3806 suam
574 3747 1020 3821 magnitudinem,
1042 3763 1168 3803 suas
1194 3747 1607 3804 commoditates
1626 3745 1823 3819 quibus
1853 3746 1962 3802 vel·
2009 3736 2014 3813 Ι
2059 3753 2246 3805 tamen
2299 3749 2690 3821 deprehensum
2737 3748 2848 3821 est,
2899 3749 3110 3822 aliquid
3165 3751 3238 3808 ad
3285 3767 3476 3808 earum
3529 3753 3668 3810 vim

390 3839 523 3912 lent,
564 3839 612 3893 si
651 3853 789 3911 opus
828 3837 917 3910 sit,
958 3837 1207 3893 omnium
1245 3837 1477 3893 aliorum
1504 3835 1725 3892 miseria
1752 3834 1960 3892 serviri.
2009 3826 2020 4545 ξ
2061 3837 2264 3893 deesse.
2353 3839 2598 3910 Cumque
2633 3839 2872 3911 insignes
2907 3837 3234 3896 Geometrae
3271 3839 3334 3896 ιιι
3371 3839 3496 3914 ipso
3535 3843 3666 3900 Eu·

2065 2509 2293 2579 frugem,
2337 2522 2504 2578 quam
2545 2507 3027 2581 demonstratione,
3072 2512 3134 2562 ut
3169 2511 3316 2563 recte
3353 2508 3500 2581 apud
3549 2509 3660 2563 Es-

2062 2594 2220 2651 dram
2248 2596 2454 2651 dictum
2481 2594 2570 2667 sit,
2599 2595 2737 2651 nihil
2773 2596 3003 2653 veritate
3038 2596 3233 2652 fortius
3269 2614 3402 2652 esse.
3491 2597 3661 2661 Quo-

2063 2684 2229 2740 modo
2277 2687 2462 2740 autem
2513 2684 2814 2757 palpabiles
2859 2684 3368 2760 demonstrationes,
3417 2684 3659 2743 calculis

2062 2772 2544 2829 Arithmeticorum
2595 2778 2692 2830 aut
2745 2774 3162 2830 Geometrarum
3227 2773 3659 2845 diagrammatis

2061 2878 2236 2936 pares,
2266 2862 2327 2916 in
2355 2861 2508 2917 omni
2537 2878 2732 2935 genere
2749 2878 2932 2919 rerum
2959 2864 3152 2919 confici
3179 2863 3405 2937 possint,
3437 2863 3658 2937 quibus

2062 2950 2150 3007 vel
2199 2951 2398 3006 veritas
2445 2949 2697 3008 absoluta
2743 2952 2834 3008 vel
2881 2953 3092 3027 saltem,
3145 2969 3269 3008 cum
3315 2953 3661 3010 sufficientia

2061 3039 2192 3096 data
2217 3039 2462 3096 nondum
2488 3041 2783 3114 habentur,
2815 3041 3060 3098 maxima
3085 3041 3494 3115 probabilitatis
3521 3059 3662 3115 gra·

2062 3129 2164 3184 dus
2189 3145 2264 3184 ex
2285 3127 2426 3184 datis
2447 3128 2806 3186 infallibiliter
2823 3131 3176 3188 concludatur
3193 3131 3438 3188 hocloco
3459 3135 3658 3188 osten·

2062 3216 2252 3273 demus
2301 3216 2518 3272 traditis
2571 3217 2952 3274 Elementis
3015 3219 3346 3276 veritatis
3408 3225 3660 3277 aeter-

2060 3321 2214 3377 nae,
2238 3319 2379 3378 quae
2405 3305 2663 3362 hactenus
2687 3323 2804 3362 non
2831 3306 2992 3363 alita·
3019 3309 3170 3363 fuere
3195 3309 3340 3365 inter
3365 3309 3658 3384 bomineS,

2059 3409 2226 3466 quam
2253 3393 2390 3450 olim
2425 3395 2756 3452 frumentum
2795 3395 3056 3468 silvestre,
3093 3400 3388 3469 antequam
3423 3398 3662 3454 ratione

2059 3483 2342 3540 coleretur.
2429 3482 2568 3538 Cum
2605 3484 2754 3540 enim
2781 3484 2941 3541 multi
2965 3484 3170 3558 egregii
3197 3485 3306 3542 viri
3329 3490 3494 3542 extra
3525 3487 3662 3543 Ma-

2061 3571 2379 3628 thematicus
2429 3572 2595 3644 vulgo
2633 3572 2879 3628 habitae
2885 3573 3220 3646 disciplinas
3233 3575 3335 3632 hoc
3383 3575 3664 3648 inprimis

389 3928 495 3984 Sed
534 3931 791 4000 sequatur
828 3926 1057 3998 quisque
1084 3925 1322 3982 rationes
1358 3941 1512 3998 suas,
1553 3924 1689 3980 mihi
1729 3923 1958 3997 videtur,
2061 3925 2202 3982 elide
2229 3942 2342 3982 non
2369 3943 2578 3982 errores
2605 3927 2845 4000 quidem,
2885 3933 2946 3984 at
2979 3928 3043 3984 in
3081 3929 3510 3986 demonstrando
3553 3931 3666 3987 de-

390 4017 605 4072 futurae
664 4031 879 4087 quoque
930 4015 1075 4070 vitae
1124 4014 1381 4087 prudenti
1428 4029 1615 4080 mmm
1654 4012 1962 4068 habendam

390 4097 488 4178 (de
524 4117 637 4174 quo
672 4101 834 4158 multi
873 4102 1023 4158 velut
1062 4102 1132 4159 de
1176 4101 1391 4158 somnio
1438 4105 1653 4156 tantum
1692 4105 1749 4156 et
1786 4101 1965 4158 obiter

388 4190 664 4264 cogitant)
692 4195 749 4246 et
776 4189 987 4245 homini
1015 4190 1368 4262 spectandum
1394 4205 1527 4262 esse,
1567 4187 1700 4261 quid
1738 4189 1966 4263 dignum

389 4279 465 4334 sit
501 4277 748 4350 homine,
798 4277 931 4349 quid
968 4281 1197 4334 naturae
1240 4277 1485 4334 creatrici
1522 4282 1962 4352 consentaneum,

2064 4017 2234 4070 tectus
2272 4015 2720 4088 deprehenderint
2763 4033 2829 4077 ac
2875 4017 3078 4089 partim
3113 4018 3500 4092 suppleverint,
3547 4021 3662 4092 qui

2064 4107 2250 4160 tamen
2287 4105 2349 4159 in
2385 4105 2702 4161 Geometria
2741 4107 2853 4161 fere
2893 4105 3136 4178 peniculo
3181 4107 3379 4162 erroris
3416 4115 3660 4183 vacant,

2061 4209 2187 4248 cum
2223 4193 2480 4265 pleraque
2517 4193 2592 4249 ab
2634 4211 2702 4250 eo
2748 4193 2952 4250 omissa
2989 4193 3109 4268 ipso
3157 4211 3318 4251 sensu
3357 4198 3664 4254 communi

2063 4280 2658 4354 innumerabilibusque
2677 4283 3066 4355 experimentis
3083 4285 3488 4359 confirmentur,
3505 4287 3666 4358 quid

390 4364 523 4440 quid
560 4364 725 4423 faciat
772 4367 845 4422 ad
882 4381 1071 4422 vel-am
1107 4365 1491 4439 perfectionem
1526 4369 1585 4422 et
1621 4365 1965 4424 harmoniam
2063 4369 2134 4426 de
2161 4369 2270 4425 illis
2299 4370 2554 4472 dicemus,
2583 4371 2679 4443 qui
2715 4371 2880 4445 longe
2919 4371 3118 4428 absunt
3155 4373 3230 4429 ab
3261 4374 3362 4430 hac
3397 4375 3666 4432 acribeia

390 4469 603 4512 rerum·
587 4495 606 4527 ,
648 4454 854 4511 scilicet
890 4469 1157 4512 exornare
1194 4457 1449 4528 Spartam
1487 4458 1637 4511 tuam
1650 4493 1667 4527 ,
1706 4460 1764 4512 et
1799 4471 1965 4528 quam
2063 4462 2120 4514 et
2159 4463 2343 4515 tamen
2383 4459 2443 4514 in
2479 4460 2812 4532 argumentis
2852 4465 3152 4534 versantur,
3179 4463 3280 4520 ubi
3319 4458 3496 4520 facilis
3550 4464 3667 4522 de·

389 4544 501 4600 late
526 4543 707 4617 possis
734 4543 1165 4601 beneficientiam
1202 4543 1519 4618 extemiere⁸
1599 4544 1743 4600 Vera
1780 4547 2018 4601 autem
2012 4549 2244 4660 ¹ceptio
2293 4553 2405 4620 est,
2455 4547 2780 4622 difficileque
2829 4565 3064 4606 examen
3101 4569 3200 4624 per
3243 4552 3662 4625 experimenta.

392 4632 631 4689 hominis
660 4633 921 4706 perfectio
950 4632 1009 4688 ιιι
1036 4631 1207 4688 animi
1236 4632 1537 4689 vertutibus
1564 4632 1671 4690 sita
1696 4637 1797 4706 est,
1824 4649 1966 4706 quae
2012 4581 2294 4692 ¹Modum
2325 4653 2453 4710 ergo
2481 4638 2696 4694 tradere
2722 4639 3023 4712 aggredior,
3061 4655 3174 4713 quo
3209 4657 3424 4714 semper
3463 4643 3668 4700 homi·

392 4737 429 4777 a
452 4725 602 4778 recta
626 4720 841 4778 ratione
866 4721 983 4778 sive
1008 4721 1319 4794 cognitione
1355 4721 1589 4778 viritatis
1624 4723 1966 4796 proficiscuu-
2064 4741 2162 4782 nes
2191 4724 2630 4782 ratiocinationes
2655 4745 2783 4784 suas
2808 4726 2870 4783 in
2895 4729 3052 4784 omni
3077 4734 3400 4802 argumento
3427 4732 3500 4787 ad
3529 4734 3670 4789 cal-

392 4814 501 4883 tur,
530 4810 679 4866 unde
696 4810 943 4883 potentia
970 4825 1187 4883 quoque
1213 4815 1400 4866 nostra
1422 4810 1576 4866 ιιιιιι
1558 4827 1621 4865 ιιι
1646 4828 1841 4884 corpus
1869 4812 1966 4867 hu·
2013 4825 2018 4857 ¹
2063 4813 2174 4870 culi
2201 4811 2438 4870 formam
2463 4815 2722 4872 exhibere
2745 4817 3244 4890 controversiasque
3263 4835 3454 4876 omnes
3479 4821 3668 4879 finire

392 4913 637 4972 manum,
677 4903 798 4955 tum
824 4899 885 4954 in
911 4915 1141 4973 corpora
1164 4898 1509 4969 circunriecta
1532 4904 1775 4972 angetur.
1860 4901 1967 4957 Ve-
2013 4862 2018 4929 Ι
2013 4906 2306 4994 flpossunt,
2335 4907 2400 4959 ut
2425 4921 2540 4960 non
2560 4902 2682 4972 jam
2707 4905 3036 4964 clamoribus
3071 4924 3190 4964 rem
3225 4924 3388 4982 agere
3423 4925 3668 4968 necesse

392 4990 613 5047 ritatem
640 5005 771 5060 ergo
796 4987 1043 5046 invenire
1068 4992 1125 5045 et
1152 4987 1509 5044 inveniendae
1535 4989 1775 5048 modum
1786 4994 1966 5046 osten·
2013 4957 2153 5064 sit,
2195 4991 2292 5047 sed
2327 4993 2468 5049 alter
2503 4993 2661 5050 alteri
2697 4993 2878 5051 dicere
2903 4995 3106 5068 possit.
3149 4997 3504 5056 Galwlemus.
3567 5001 3670 5056 Et

393 5078 521 5135 dere
556 5079 681 5134 fons
721 5093 837 5134 esse
873 5076 1088 5136 videtur
1124 5077 1305 5134 omnis
1354 5077 1622 5134 humanae
1672 5076 1962 5153 felicitatis,
2063 5095 2190 5136 cum
2215 5081 2288 5138 ab
2317 5087 2560 5154 utraque
2571 5087 2728 5156 pane
2751 5084 2992 5140 rationes
3021 5085 3232 5142 validae
3267 5093 3450 5162 ertmt,
3489 5091 3666 5162 quod

394 5183 535 5241 quae
560 5181 676 5224 non
704 5168 919 5224 tanum
955 5167 1219 5224 barbaros
1258 5182 1293 5222 a
1328 5165 1491 5224 cultis
1518 5166 1613 5222 sed
1642 5170 1699 5222 et
1726 5167 1901 5226 bonos
1929 5185 1966 5224 a
2013 5192 2017 5205 ·
2064 5169 2138 5226 sit
2179 5169 2238 5236 ιιι
2275 5171 2438 5228 rebus
2473 5171 2754 5244 concretis,
2793 5171 2890 5229 ubi
2929 5173 3202 5249 utrimque
3237 5178 3532 5235 commoda
3555 5183 3664 5235 at-
