3717 5850
487 374 618 439 658
1580 372 2357 433 LXXIII-CAUSA
2451 368 2683 429 DEI.

486 516 750 592 πῃπῶς,
787 516 1012 591 qmndo
1060 516 1224 573 aliter
1275 516 1392 573 suis
1437 514 1869 590 perfectionibus
1919 514 2077 573 dero·

485 612 656 681 garet.

579 694 680 750 67.
719 692 924 765 Porro,
979 691 1026 747 si
1068 693 1218 748 Deus
1255 692 1530 765 optimam
1560 688 1815 747 Universi
1855 688 2074 762 scriem,

491 776 577 859 (in
599 794 710 853 qua
731 784 1012 852 peccatum
1037 781 1379 851 intercurrit)
1399 796 1512 836 non
1535 780 1800 851 elegisset,
1829 776 2079 834 admisis-

489 874 572 925 set
601 866 810 939 aliquid
839 867 994 940 peius
1049 869 1197 924 omni
1241 873 1616 923 creaturarum
1655 872 1907 938 peccato,
1948 880 2081 921 nam

487 955 746 1030 propriae
785 954 1135 1029 perfectioni,
1179 961 1264 1029 et,
1305 955 1454 1027 quod
1483 956 1608 1009 hinc
1635 954 1909 1025 sequitur,
1950 954 2081 1009 alie·
2164 951 2427 1007 creaturis
2466 950 2861 1022 perfectionem
2902 950 3173 1023 tribuere,
3224 952 3315 1007 sed
3354 970 3473 1024 quae
3496 961 3627 1031 moepfi«

489 1060 600 1100 nae
650 1044 851 1114 etiam,
903 1042 1241 1115 derogasset:
1295 1042 1484 1097 divina
1533 1042 1684 1096 enim
1736 1042 1997 1113 perlectio
2047 1056 2081 1095 a
2167 1040 2339 1094 vitate
2372 1039 2629 1110 ipsarum
2670 1037 2962 1095 limitetur:
3004 1039 3083 1093 ita
3124 1038 3266 1094 bona
3304 1048 3446 1097 erunt
3473 1060 3500 1097 a
3520 1046 3627 1103 diano

489 1129 886 1205 perlectissimo
897 1130 1148 1201 eligendo
1171 1129 1446 1185 discedere
1468 1144 1582 1185 non
1611 1130 1792 1202 debet,
1825 1146 1950 1185 eum
1982 1129 2083 1185 mi-
2167 1127 2386 1199 vigore,
2420 1127 2565 1181 mala
2595 1144 2629 1181 a
2660 1130 2883 1197 torpore
2911 1130 3213 1181 creaturae.

489 1234 594 1275 nus
645 1220 857 1275 bonum
896 1217 1094 1272 habeat
1135 1216 1409 1273 rationem
1449 1218 1599 1273 mali.
1688 1217 1760 1271 Et
1803 1218 2085 1274 tolleretur
2261 1214 2361 1268 73.
2412 1214 2499 1270 Sic
2540 1215 2753 1271 defectu
2794 1212 3129 1269 adtentionis
3169 1230 3323 1287 saepe
3358 1216 3520 1271 errabit
3539 1218 3627 1273 intel«

487 1308 655 1379 Deus,
690 1307 1011 1362 tollerentur
1038 1306 1254 1377 omnia,
1287 1306 1335 1359 si
1373 1306 1518 1361 Deus
1547 1306 1634 1359 vel
1664 1302 1947 1360 laboraret
1980 1306 2084 1359 im·
2166 1302 2369 1375 lectus,
2415 1302 2630 1358 defectu
2668 1300 2966 1356 alacritatis
3006 1316 3171 1373 saepe
3208 1303 3489 1372 refringetur
3516 1306 3627 1360 rolin

488 1392 766 1468 potentia,
819 1394 910 1449 vel
949 1382 1160 1449 erraret
1197 1392 1506 1468 intellectu,
1559 1390 1646 1448 vel
1683 1391 1963 1450 laberetur
1990 1408 2085 1449 vo·
2169 1394 2287 1459 tas;
2341 1390 2557 1461 quoties
2596 1404 2780 1463 menS,
2834 1404 2959 1443 cum
2999 1389 3071 1444 ad
3106 1388 3278 1443 Deum
3312 1406 3474 1463 usquc,
3512 1392 3627 1451 mad

487 1482 716 1539 luntate.
905 1470 920 1484 '
1429 1498 1432 1505 ·
2169 1492 2445 1543 summum
2510 1476 2747 1551 bonum,
2802 1476 3033 1533 tendere
3084 1476 3307 1551 debeat,
3352 1494 3433 1550 per
3464 1479 3627 1537 inertiam

581 1568 685 1624 68.
735 1568 1145 1625 Concursus
1199 1566 1282 1623 ad
1333 1572 1687 1640 peccatum
1743 1566 2084 1639 physicus
2167 1564 2433 1621 creaturis
2462 1564 2816 1620 adhaerescit.

489 1657 644 1729 fecit,
695 1660 761 1711 ut
789 1657 967 1711 Deum
1009 1654 1214 1727 peccati
1255 1670 1474 1711 ‹sausam
1525 1660 1913 1726 auctoremque
1954 1671 2083 1713 eon·
2264 1652 2359 1707 74.
2417 1652 2711 1723 Hucusque
2752 1652 2823 1705 iis
2848 1666 3177 1724 responsum
3206 1654 3308 1724 est,
3336 1652 3417 1722 qui
3440 1653 3565 1706 Deum
3584 1654 3627 1706 ni-

489 1744 778 1800 stituerent
825 1744 1082 1814 quida1n3
1133 1744 1215 1799 ita
1267 1743 1476 1799 malum
1523 1743 1716 1815 culpae
1769 1744 1941 1797 etiam
1982 1743 2080 1801 ob-
2166 1740 2273 1795 mis
2310 1738 2385 1793 ad
2431 1739 2640 1795 malum
2670 1754 2995 1795 concurrere
3023 1741 3245 1811 putant:
3290 1754 3411 1794 nunc
3432 1740 3513 1793 illis
3532 1741 3627 1793 ntis*

481 1830 692 1900 jectum
731 1829 1084 1905 productivae
1135 1832 1192 1887 in
1238 1831 1354 1885 Deo
1405 1830 1702 1885 voluntatis
1753 1831 1926 1886 foret:
1980 1831 2078 1887 ubi
2166 1829 2458 1901 faciemus,
2488 1826 2585 1897 qui
2614 1827 2961 1882 hominem
2991 1825 3153 1894 ajunt
3180 1840 3528 1881 concurrere
3546 1838 3627 1881 non

488 1920 734 1975 maxime
799 1918 1070 1973 insultant
1121 1918 1283 1973 nobis
1335 1916 1588 1989 Epicurei
1640 1922 1699 1972 et
1748 1916 2076 1977 Manichaei.
2164 1915 2370 1988 satis,
2422 1918 2520 1970 aut
2562 1930 2675 1970 non
2718 1914 2851 1969 satis
2879 1912 3211 1987 culpabilem
3240 1915 3409 1969 &sein
3427 1914 3627 1984 pertundo,

487 2006 594 2060 Sed
634 2005 721 2060 hie
760 2018 976 2076 quoqne
1006 2004 1183 2077 Deus,
1238 2009 1476 2059 mentem
1517 2004 1830 2078 illustram,
1882 2008 1967 2063 sui
1994 2012 2081 2063 est
2118 2013 2121 2024 ·
2166 2006 2228 2057 ut
2279 2002 2484 2057 scilicet
2533 2016 2723 2058 rursus
2782 2002 3194 2059 adcusationem
3244 2000 3299 2055 iu
3335 2002 3464 2055 Deam
3498 2002 3626 2055 teian-2

489 2092 698 2147 vindex
737 2092 792 2146 in
832 2092 1016 2147 anima
1047 2092 1143 2163 pia
1174 2095 1231 2145 et
1261 2091 1504 2146 veritatis
1531 2091 1793 2147 studiosa.
1885 2096 2077 2168 Expli·
2167 2089 2315 2145 dant.
2403 2090 2468 2145 ld
2520 2104 2651 2162 crgo
2702 2090 2941 2162 probare
2986 2086 3319 2145 contendunt
3351 2087 3626 2155 Anagonism

487 2179 736 2236 cabimus
785 2178 984 2252 igitur,
1044 2178 1177 2257 quid
1228 2179 1332 2249 sit,
1397 2179 1573 2233 Deum
1635 2194 1957 2238 concurrere
2007 2182 2080 2238 ad
2168 2181 2285 2233 tum
2339 2193 2412 2232 ex
2454 2176 2829 2233 imbecillitate
2871 2178 3149 2233 humanae
3188 2174 3426 2247 Naturae,-
3464 2180 3550 2229 tum
3581 2172 3626 2228 ex

488 2265 696 2340 peceati
737 2266 1049 2340 materiale,
1099 2280 1224 2339 seu,
1276 2264 1426 2339 quod
1463 2267 1520 2322 in
1561 2266 1711 2321 malo
1741 2265 1952 2326 bonum
1979 2274 2081 2343 est,
2167 2264 2381 2323 defectu
2411 2264 2631 2319 divinae
2660 2266 2913 2339 Gratiae,
2963 2264 3351 2333 adjuvandam
3374 2266 3549 2317 nostram
3568 2276 3619 2315 na-

488 2370 599 2411 non
630 2352 704 2409 ad
733 2354 980 2409 formale.
1569 2348 1574 2355 '
2003 2340 2015 2356 '
2167 2358 2350 2409 turam
2378 2352 2745 2425 neeessariae3
2803 2354 2990 2424 itaque
3032 2353 3094 2407 in
3136 2355 3319 2406 natura
3354 2351 3533 2405 hominis
3552 2366 3619 2419 spe

580 2442 686 2495 69.
727 2438 1190 2512 Respondemtum
1241 2444 1324 2497 est
1380 2440 1612 2514 scilicet,
1673 2434 1812 2495 nibil
1859 2434 2081 2507 quidem
2165 2440 2440 2495 ctabimus
2484 2445 2601 2495 tum
2631 2442 3040 2511 corruptionem
3057 2480 3074 2513 ,
3104 2446 3220 2495 turn
3247 2441 3299 2495 et
3323 2438 3521 2509 reliquias
3542 2436 3626 2509 ina-f

489 2526 840 2601 perfectionis
865 2532 922 2583 et
949 2528 1222 2583 realitatis
1247 2544 1385 2599 pure
1411 2528 1680 2600 positivae
1709 2540 1830 2583 esse
1852 2522 1909 2577 in
1932 2539 2081 2579 crea-
2166 2528 2310 2599 ginis
2342 2526 2564 2583 divinae
2592 2544 2665 2584 ex
2693 2532 2839 2584 statu
2872 2526 3249 2598 integritatis.‘
3625 2512 3626 2519 ἵ

489 2615 657 2687 turis,
697 2628 990 2687 earumque
1021 2616 1233 2671 actibus
1265 2616 1426 2671 bonis
1453 2616 1748 2688 malisque,
1789 2612 1938 2683 quod
1968 2628 2079 2667 non
2260 2615 2361 2672 75.
2422 2616 2925 2687 corruptionis
2986 2616 3317 2671 humanae
3368 2609 3615 2667 considerabi-

487 2704 610 2759 Deo
639 2702 934 2773 debeatur3
977 2703 1070 2757 sed
1113 2702 1582 2774 imperfectionem
1622 2708 1776 2758 actus
1809 2703 1868 2757 in
1897 2700 2077 2771 priva·
2164 2718 2287 2759 mus
2347 2719 2515 2775 porro
2574 2707 2692 2759 tum
2745 2709 2928 2759 ortum
2945 2742 2962 2775 ,
3022 2707 3143 2758 tum
3192 2707 3243 2757 et
3281 2698 3613 2756 constitutionem

487 2790 640 2847 tione
675 2790 1004 2862 consistere,
1057 2794 1114 2845 et
1165 2791 1299 2846 oriri
1350 2790 1422 2845 ab
1463 2790 1718 2861 originali
1749 2789 2080 2845 limitatione
2164 2792 2373 2847 Ortus
2410 2796 2497 2846 est
2524 2796 2643 2846 tum
2682 2806 2717 2846 a
2744 2792 2899 2865 lapsu
2932 2792 3615 2863 Protolapsorum‚tumaton-

2162 513 2297 569 teris
2337 504 2603 587 paribus)
2652 510 2995 567 oneratiores
3032 517 3185 588 suut,
3236 514 3427 572 tardius
3468 521 3627 581 suuntur

2159 602 2246 657 lta
2275 602 2355 673 fit,
2384 604 2448 655 ut
2474 598 2723 655 celeritas
2752 600 2826 655 sit
2863 616 2900 655 a
2928 600 3167 668 flumine,
3198 602 3413 665 tarditas
3432 606 3493 662 ab
3514 626 3627 691 onereff

2163 688 2461 762 positivum
2489 704 2525 743 a
2546 686 2751 744 virtute
2780 685 3129 761 inponentis,
3160 689 3465 762 privativum
3486 694 3627 755 abiner·

2162 778 2241 833 tia
2269 774 2513 847 impulsi.

2258 863 2359 918 72.
2413 862 2623 918 Eodem
2674 862 2837 935 plane
2888 862 3057 919 modo
3100 862 3273 919 Deum
3321 865 3555 923 (licendum
3587 878 3627 929 esi

487 2882 893 2957 creaturarum,
937 2894 1104 2950 quam
1136 2878 1257 2947 jam
1288 2882 1404 2935 tutu
1437 2878 1496 2934 in
1529 2884 1674 2935 statu
1703 2894 1873 2952 purae
1903 2878 2077 2948 possi·
2162 2878 2297 2948 tagii
2336 2879 2749 2953 propagatione.
2839 2879 2927 2936 La
2942 2894 3105 2954 psus
3143 2876 3409 2953 spectanda
3440 2878 3505 2929 est
3523 2886 3612 2927 eam

487 2967 720 3024 bilitatis
762 2965 856 3033 (id
885 2970 999 3039 est,
1041 2967 1098 3021 in
1138 2966 1358 3035 regione
1387 2968 1680 3023 veritatum
1711 2969 2075 3038 aeternarum,
2161 2971 2217 3023 et
2246 2971 2458 3022 natura.

486 3071 579 3110 seu
611 3053 750 3108 ideis
777 3053 966 3108 divino
993 3045 1302 3118 lintellectui
1357 3049 1817 3130 obversantibus)
1871 3054 2078 3110 habent
2256 3051 2354 3110 76.
2387 3057 2610 3112 Causa
2648 3055 2743 3112 La
2753 3071 2957 3128 psus,
3000 3069 3101 3110 cur
3140 3053 3299 3109 bomo
3324 3050 3489 3107 scilicet
3509 3049 3613 3118 laps

486 3157 560 3198 ex
588 3141 822 3197 essentia
852 3157 978 3197 sua:
1012 3157 1140 3196 nam
1169 3143 1318 3214 quod
1347 3143 1676 3198 limitatione
1704 3145 1931 3212 careret,
1964 3156 2077 3196 non
2162 3143 2263 3217 sit,
2320 3144 2521 3199 sciente
2572 3145 2723 3216 Deo,
2777 3143 3160 3216 permittente,
3207 3141 3522 3206 concurrente,
3556 3147 3613 3186 non

483 3234 759 3301 creatura,
790 3230 884 3285 sed
915 3231 1066 3285 Deus
1097 3231 1257 3285 soret.
1349 3229 1683 3286 Limitata
1724 3235 1913 3286 autem
1944 3227 2077 3283 diei-
2166 3232 2482 3302 quaerenda
2533 3236 2616 3286 est
2664 3231 2721 3286 in
2752 3231 2989 3301 quadam
3020 3231 3293 3303 despotica
3320 3227 3409 3282 Dei
3433 3223 3613 3296 potestate,

487 3323 578 3372 tur
606 3323 882 3389 creatura,
921 3319 1050 3388 quia
1080 3318 1281 3373 limites
1312 3333 1409 3372 seu
1450 3319 1745 3391 termium,
1787 3332 1919 3372 suae
1960 3332 2077 3370 ma·
2162 3318 2313 3389 quasi
2331 3318 2549 3387 justitia
2576 3320 2658 3374 vel
2682 3319 2944 3373 sanctitas
2968 3313 3397 3374 adtributuchi
3415 3329 3501 3367 non
3518 3314 3612 3370 essm

485 3404 804 3476 gnitudinis,
833 3407 1129 3478 potentiae,
1160 3405 1436 3476 scientiae,
1471 3409 1524 3460 et
1553 3406 1943 3476 cujuscumque
1954 3420 2076 3476 per-
2161 3405 2308 3477 quod
2338 3405 2396 3460 in
2418 3408 2613 3461 effectu
2636 3421 2823 3460 verum
2854 3407 3020 3480 foret,
3054 3405 3103 3461 si
3126 3404 3268 3462 nulla
3288 3401 3413 3475 apud
3430 3393 3615 3463 eumjuris

487 3493 766 3564 fectionis,
820 3491 1003 3548 habet.
1091 3494 1178 3548 Ita
1229 3493 1644 3548 fundamentum
1689 3493 1822 3548 mali
1864 3497 1949 3548 est
1978 3509 2074 3547 ne-
2161 3499 2217 3550 et
2246 3495 2379 3549 recti
2408 3495 2551 3548 ratio
2581 3493 2889 3549 haberetur.

485 3578 808 3652 cessarium,
837 3579 932 3634 sed
963 3585 1114 3636 ortus
1143 3585 1328 3636 tamen
1359 3580 1708 3652 contingenst,
1745 3581 1803 3636 id
1835 3584 1947 3652 est,
1982 3597 2073 3637 ne-
2254 3581 2353 3636 77.
2400 3581 2589 3653 Neque
2630 3581 2944 3652 quaerenda
3002 3585 3089 3636 est
3126 3580 3301 3652 lapsus
3326 3589 3461 3631 causa
3482 3571 3523 3625 in
3544 3581 3614 3638 qffi·

483 3667 782 3724 cessarium
825 3672 936 3739 est,
979 3673 1040 3724 ut
1069 3669 1216 3723 mala
1247 3671 1360 3724 sint
1389 3668 1706 3741 possibilia,
1738 3667 1834 3722 sed
1864 3669 2073 3722 contin·
2160 3668 2287 3722 dam
2320 3668 2421 3722 Dei
2452 3669 2522 3724 ad
2552 3669 2761 3724 bonum
2791 3667 3123 3740 malumque,
3148 3666 3345 3735 justum
3370 3659 3626 3727 etinjustuntj

482 3771 615 3828 gens
643 3759 744 3826 est,
779 3757 840 3810 ut
868 3756 1014 3810 mala
1043 3755 1153 3810 sint
1181 3755 1446 3810 actualia:
1477 3771 1592 3810 non
1621 3755 1947 3826 contingens
1980 3771 2076 3810 au·
2159 3756 2543 3829 indifferentia,
2574 3757 2728 3828 qnasi
2758 3757 2889 3812 haec
2912 3757 3033 3829 ipso
3065 3772 3164 3828 pro
3192 3752 3399 3809 arbitrio
3414 3739 3626 3818 constituis-g

483 3848 594 3900 tem
643 3857 744 3915 per
788 3842 1128 3898 harmoniam
1159 3859 1346 3898 rerum
1397 3857 1434 3898 a
1475 3843 1725 3915 potentia
1767 3843 1963 3897 transit
2003 3843 2074 3898 ad
2160 3848 2272 3914 set3
2296 3859 2408 3916 quo
2449 3845 2631 3916 posito
2660 3851 3005 3920 sequeretur,
3050 3843 3259 3915 quidvis
3284 3841 3349 3896 ab
3372 3853 3427 3892 eo
3451 3825 3615 3888 constitui

479 3941 699 4004 actum,
729 3929 803 3985 ob
831 3929 1269 3986 convenientiam
1307 3945 1432 3987 cum
1461 3931 1674 4004 optima
1700 3929 2073 4004 rerum'serie,
2160 3949 2349 4006 posse,
2386 3932 2507 4004 pari
2534 3931 2658 4000 jnre
2696 3939 2791 3988 aut
2820 3933 3062 4003 ratione,
3114 3931 3169 3986 id
3199 3934 3302 3998 oet,
3349 3923 3491 3988 nullm
3529 3911 3626 3986 (1110ῑῆ

481 4018 634 4087 cujus
663 4022 875 4090 partem
907 4019 1052 4073 facit.
2114 4019 2121 4087 fi
2159 4037 2345 4076 rursus
2396 4035 2618 4075 omnem
2669 4019 2951 4090 justitiae,
3016 4023 3178 4091 atque
3206 4015 3356 4071 etiam
3399 4004 3626 4080 sapienfissflss

573 4106 605 4160 7
615 4106 675 4159 0.
699 4105 861 4169 Quod
885 4111 1067 4160 autem
1091 4105 1160 4160 de
1195 4105 1468 4176 privativa
1501 4105 1634 4160 mali
1665 4103 2072 4175 constitutione,
2114 4092 2119 4137 ³
2158 4108 2375 4163 laudem
2405 4107 2459 4162 in
2491 4107 2723 4162 nihilum
2754 4107 3055 4180 redigeret,
3094 4104 3343 4176 siquidem
3379 4097 3455 4153 ille
3483 4091 3611 4147 nullm1¹

479 4197 610 4266 post
633 4194 1131 4268 Augustinum,
1152 4193 1503 4264 Thomam,
1529 4193 1620 4248 Lu
1638 4192 1883 4264 binum,
1908 4192 2075 4249 alios·-
2158 4195 2427 4252 delectum
2477 4195 2702 4250 haberet
2739 4193 2797 4252 in
2838 4195 2953 4250 suis
2992 4193 3313 4264 actionibuS,
3362 4188 3440 4241 aut
3461 4179 3612 4237 delectus

481 4290 586 4350 que
617 4287 825 4336 veteres
865 4285 921 4336 et
962 4281 1314 4351 recentiores,
1353 4280 1684 4354 adserimuS,
1717 4280 1849 4352 quia
1886 4279 2074 4336 multis
2157 4283 2589 4339 fundamentum.

481 4371 855 4437 vanum,‘aut
892 4371 1037 4422 certe
1065 4369 1451 4442 perobscurum
1480 4367 1737 4438 habetur3
1787 4367 1870 4424 ita
1898 4367 2075 4424 decla·
2111 4364 2118 4459 Ῑ
2250 4367 2352 4425 78.
2394 4369 2587 4441 Neque
2624 4370 2792 4426 etiam
2830 4371 2891 4426 in
2922 4370 3201 4426 voluntate
3222 4353 3431 4436 'quadam
3454 4345 3613 4410 Deuad-

479 4454 727 4509 rabimus
754 4471 826 4509 ex
855 4455 975 4526 ipsa
1004 4473 1185 4512 rerum
1215 4459 1424 4526 natura,
1455 4457 1520 4510 ut
1549 4447 1937 4512 nihil'solidius
1958 4473 2075 4513 esse
2112 4504 2117 4543 Ι
2156 4459 2308 4529 ficta,
2362 4458 2589 4512 minime
2637 4463 2855 4528 sancta,
2907 4458 3236 4525 minimeque
3270 4444 3479 4514 amabili,
3510 4447 3611 4492 &¹¹⁵³

477 4543 772 4614 adpareat:
837 4542 1154 4599 adhibentes
1213 4544 1272 4598 in
1323 4543 1738 4600 similitudinem
1812 4545 2073 4601 sensibile
2111 4550 2117 4595 ¹1
2156 4547 2341 4618 lapsus
2380 4543 2635 4616 ponenda
2678 4551 2787 4602 est:
2840 4549 3103 4616 tanquam
3152 4537 3281 4596 nibil
3325 4531 3471 4601 aliud,
3508 4534 3609 4594 quam

475 4629 743 4702 quiddam
793 4635 851 4686 et
901 4633 1213 4702 materiale,
1255 4631 1426 4703 'quod
1476 4632 1645 4687 etiam
1697 4633 1754 4688 in
1793 4633 2071 4704 privativo
2112 4606 2118 4741 ἱ
2156 4631 2545 4702 magnitudinis
2574 4648 2707 4688 suae
2750 4633 3012 4707 gloriam,
3054 4631 3315 4704 spectans,
3350 4612 3609 4676 bonitatisque

475 4717 758 4791 consistit,
809 4719 897 4774 cui
945 4718 1254 4774 inertiae
1303 4733 1671 4792 corporum
1720 4721 2073 4775 naturalis
2114 4748 2117 4759 =
2157 4736 2337 4791 exors,
2366 4721 2573 4777 crudeli
2604 4721 2972 4776 misericerdia
3002 4719 3223 4774 miseros
3250 4709 3422 4776 fecerit,
3440 4695 3607 4758 815⁹?ss

475 4821 677 4862 nomen
741 4807 1118 4880 KeplcruS,
1178 4805 1409 4873 insignis
1473 4811 1701 4861 naturae
1760 4805 2071 4881 indagator,
2156 4822 2391 4880 quorum
2430 4809 2805 4880 misereretur3
2847 4810 2905 4861 et
2930 4821 3187 4878 perversa
3208 4798 3396 4870 justitia
3418 4783 3607 4883 lmjffl‘ffi

475 4893 757 4966 imposuit.
909 4921 916 4926 ·
1090 4884 1100 4898 ⁸
2158 4897 2419 4970 voluerit,
2461 4899 2525 4951 ut
2574 4898 2778 4967 essent,
2823 4911 2959 4966 quos
2990 4893 3227 4967 puniret3
3258 4899 3377 4957 quac
3400 4887 3535 4969 emm-a
3554 4869 3605 4931 15·

565 4981 667 5035 71.
705 4979 986 5034 Nimirum
1027 4977 1130 5046 (ut
1169 4975 1317 5032 sacili
1358 4977 1616 5050 exemplo
1646 4972 1904 5055 utamur)
1943 4997 2070 5038 cum
2155 4983 2405 5056 rannica,
2461 4985 2517 5038 et
2566 4999 2602 5038 a
2645 4999 2773 5037 vera
2816 4981 2996 5051 gloria
3042 4975 3430 5054 perfectioneque
3465 4961 3626 5056 aliems·i

475 5067 676 5128 flumen
707 5081 872 5122 naves
903 5081 1087 5120 secum
1115 5064 1319 5136 defert,
1361 5065 1706 5121 velocitatem
1735 5067 1848 5122 illis
1878 5067 2069 5141 impri·
2153 5071 2324 5143 sima,
2356 5074 2509 5141 sunt,
2554 5070 2709 5139 eujus
2735 5070 2904 5125 decus
2936 5085 3043 5125 non
3072 5071 3270 5122 tantum
3294 5057 3355 5114 ad
3376 5036 3601 5122 magmmd*

476 5153 608 5228 mit,
641 5152 738 5210 sed
765 5151 1010 5227 ipsarum
1037 5152 1240 5211 inertia
1267 5151 1579 5230 limitatam,
1612 5157 1700 5230 ut,
1729 5169 1875 5228 quae
1906 5155 2069 5226 (cae-
2151 5172 2311 5233 nem,
2364 5156 2460 5216 sed
2488 5158 2661 5217 etiam
2686 5158 2760 5216 ad
2789 5155 3118 5230 bonitatem,
3148 5151 3363 5210 retertur·
3625 5139 3626 5148 ¹
