3717 5850
382 352 475 423 86
1343 360 1499 417 xm.
1542 359 1643 415 DE
1672 358 1816 417 Usu
1842 358 2228 415 sommus
2255 356 2680 415 GENERALls.

379 514 543 581 ctam,
573 523 609 562 a
634 496 880 563 solvente
905 502 1282 577 supplendam.
1370 500 1467 557 Jta
1504 502 1731 559 definire
1766 506 1956 558 utrum
2055 500 2208 574 liquo
2235 516 2462 573 corpore
2491 502 2758 574 separata,
2799 498 2846 555 si
2877 514 3016 572 opus
3043 502 3142 571 est,
3171 498 3430 555 solvenda
3464 504 3610 573 pcrti-

379 595 633 653 Machina
680 592 963 668 proposita
1000 594 1253 648 effectum
1300 590 1637 665 propositum
1679 594 1958 665 praestare
2055 606 2200 645 nere.
2285 589 2607 646 ostenditur
2641 605 2802 662 ergo,
2841 604 2954 661 qua
2991 587 3248 643 methodo
3283 588 3468 645 omnia
3503 608 3610 663 pro-

379 687 560 759 queat,
602 687 819 739 tannim
852 679 1047 749 judicii
1084 684 1183 752 est,
1224 683 1285 735 at
1310 680 1646 735 coniminisci
1675 680 1958 753 proposito
2054 679 2296 735 blemata
2321 678 2464 735 solvi
2491 676 2718 751 possint,
2751 676 3022 749 siquidem
3049 692 3118 732 ea
3143 676 3382 733 humano
3407 676 3610 748 ingenio

378 776 591 844 effectu,
633 770 943 843 excogitare
980 769 1305 839 machinam,
1348 784 1463 823 non
1500 774 1717 824 tantum
1761 767 1960 836 judicii
2055 766 2316 841 possibile
2341 770 2427 822 oet
2463 766 2603 823 solvi
2631 781 2705 821 ex
2740 765 2902 837 datis,
2943 768 3044 820 aut
3077 780 3236 837 posse
3271 764 3610 823 demonstrari

378 866 488 935 est,
541 861 638 917 sed
697 856 1047 915 inventionis.
1144 856 1323 925 Huius
1382 856 1525 915 duae
1570 861 1701 912 sunt
1756 860 1956 929 partes,
2058 854 2524 912 insolubilitatem.
2609 854 2901 919 Quomodo
2929 853 3142 926 possint
3169 852 3380 909 institui
3407 862 3610 911 exactae

376 950 532 1025 prior
567 948 871 1020 synthetica
909 964 1004 1002 seu
1042 946 1456 1017 combinatoria,
1510 944 1779 1017 posterior
1826 960 1960 999 ana·-
2057 944 2510 1017 enumerationes,
2539 942 2818 1015 quomodo
2845 942 3134 998 difficultas
3161 940 3335 999 dividi
3373 942 3534 1015 possit
3559 944 3608 999 in

376 1020 579 1110 lytica.'
652 1034 995 1108 Ostenditur,
1057 1050 1199 1107 quae
1260 1034 1375 1090 sint
1424 1033 1559 1088 artis
1617 1032 1960 1089 combinato-
2057 1036 2257 1106 partes,
2309 1049 2426 1089 non
2475 1032 2752 1106 quomodo
2801 1030 2954 1103 libet,
2993 1030 3091 1085 sed
3139 1046 3371 1101 quarum
3419 1030 3610 1103 singula

376 1128 495 1186 n'ae
544 1127 718 1201 leges,
780 1129 839 1180 et
891 1141 958 1180 ea
1008 1140 1148 1196 quae
1197 1121 1363 1194 vulgo
1414 1121 1689 1191 analytica
1736 1136 1959 1177 censen-
2058 1121 2240 1177 minus
2277 1122 2480 1177 habeat
2515 1118 2868 1193 difficultatis,
2909 1134 3076 1191 quam
3111 1122 3276 1173 antea
3311 1122 3501 1189 totum,
3528 1137 3610 1175 scu

378 1220 497 1291 tur,
552 1232 715 1289 saepe
760 1211 1157 1269 combinatoria
1199 1226 1343 1281 esse3
1392 1208 1849 1265 combinatoriam
1899 1209 1956 1265 id
2058 1209 2336 1283 quomodo
2355 1209 2640 1283 problema
2666 1208 2840 1281 possit
2867 1206 3060 1263 deduci
3079 1207 3152 1262 ad
3171 1205 3324 1261 aliud
3353 1207 3612 1278 problema

376 1304 527 1378 quod
562 1301 793 1377 quaerit,
842 1300 986 1356 inter
1022 1302 1233 1354 caetem
1270 1296 1532 1369 invenire,
1577 1302 1633 1353 et
1682 1297 1807 1353 aliis
1857 1314 1958 1353 no·
2005 1322 2010 1379 ἱ
2059 1298 2288 1369 facilius,
2328 1314 2500 1353 unum
2540 1298 2627 1353 vel
2667 1299 2842 1369 plura.
2929 1296 3016 1351 De
3061 1294 3268 1367 regula,
3308 1310 3446 1366 quae
3482 1294 3612 1351 inco·

379 1392 517 1449 titiis
568 1391 666 1463 uti,
719 1389 1050 1459 analyticam
1092 1385 1279 1442 omnia
1328 1402 1401 1441 ex
1448 1387 1568 1441 solo
1615 1386 1956 1458 problemate
2003 1384 2010 1405 ¹
2057 1386 2272 1459 gnitum
2319 1386 2628 1443 considerat
2677 1386 2852 1441 instar
2901 1383 3124 1455 cogniti.
3201 1383 3286 1438 De
3337 1382 3498 1437 modo
3541 1383 3610 1437 iu-

374 1497 575 1555 emere,
626 1478 781 1534 illam
823 1476 893 1532 ad
936 1476 1174 1547 integras
1223 1473 1477 1529 scientias
1525 1490 1781 1530 earumve
1827 1490 1954 1548 por-
2003 1423 2010 1512 Ι
2061 1474 2316 1531 veniendi
2353 1474 2594 1550 plurium
2647 1474 2904 1531 datorum
2951 1470 3344 1549 proprietatem
3393 1486 3611 1528 commu-

374 1570 550 1627 tiones
589 1564 1022 1637 constituendas,
1066 1563 1208 1620 hanc
1246 1560 1321 1620 ad
1360 1562 1733 1637 problemata,
1783 1580 1821 1619 a
1870 1579 1954 1619 re-
1999 1515 2008 1611 Ῑ
2055 1579 2184 1619 nem
2211 1567 2310 1620 etc.

1871 2220 2119 2311 xul.

1628 2398 1785 2473 DE
1846 2398 2360 2473 NATURA

744 2696 765 2713 '
882 2685 1183 2807 USU
1270 2544 2087 2808 SCIENTIAEPE
2184 2677 3101 2809 GENERALIS.

582 3015 659 3072 (B
694 3013 894 3062 schedis
928 3013 1366 3062 Leibnitlanls
1415 3016 1628 3063 nondum
1662 3015 1807 3062 editis
1843 3026 1975 3072 quae
2010 3015 2062 3062 ln
2105 3015 2413 3063 Bibliotheca
2448 3017 2609 3072 Regia
2651 3017 2988 3063 neuwen-ana
3031 3011 3418 3066 asservantur.)

1941 3143 2196 3150 ...ξ’-.-

2043 3251 2260 3324 scimus,
2290 3266 2413 3307 sero
2431 3251 2574 3324 licet,
2598 3267 2701 3306 nos
2713 3249 2837 3320 jam
2857 3251 3065 3308 dudum
3085 3251 3404 3326 praevidere
3423 3249 3607 3305 inalum

2044 3344 2100 3396 et
2133 3355 2454 3412 praecavere
2480 3340 2739 3412 potuisse.

2129 3429 2293 3500 Data,
2324 3429 2646 3484 sufficientia
2675 3429 2746 3484 ad
2774 3427 3034 3484 veritates
3069 3426 3459 3498 inveniendaS,
3497 3431 3610 3480 sunt

453 3247 744 3306 Scientiam
781 3251 1088 3324 generalem
1126 3251 1277 3322 dico,
1319 3265 1457 3322 quae
1498 3249 1725 3308 modum
1766 3249 1943 3321 docet,

355 3355 557 3396 -omnes
574 3337 732 3398 ,alias
770 3339 1024 3396 scientias
1065 3355 1137 3394 ex
1175 3337 1320 3394 datis
1362 3337 1755 3394 sufficientibus
1793 3338 1945 3393 inve-

364 3427 553 3484 niendi
572 3430 627 3482 et
648 3427 1087 3499 demonstrandi3
1107 3427 1293 3498 itaque
1313 3426 1443 3481 illae
1458 3427 1946 3499 cognitionesquae

364 3533 494 3572 casu
521 3518 738 3570 tantum
764 3515 998 3571 inveniri
1026 3518 1337 3589 potuerunt,
1360 3514 1433 3570 ab
1454 3515 1555 3570 hac
1575 3515 1801 3571 scientia
1828 3529 1945 3571 non

366 3604 621 3678 pendent,
662 3603 903 3678 exempli
934 3620 1097 3660 causa
1134 3603 1279 3676 quod
1319 3601 1536 3675 lapillus
1576 3603 1789 3676 aliquiS,
1821 3603 1944 3658 Ma-

364 3693 541 3767 gnetis
568 3692 793 3748 nomine
818 3697 999 3767 notae,
1033 3709 1150 3748 sese
1178 3692 1249 3748 ad
1277 3691 1433 3764 polos
1454 3691 1689 3747 Telluris
1716 3707 1943 3748 conver-

366 3785 478 3855 tat3
506 3781 609 3836 hoc
636 3780 783 3836 enirn
813 3781 967 3837 nullo
994 3780 1216 3853 ingenio
1248 3780 1429 3854 potuit
1458 3779 1779 3852 praevideri,
1813 3779 1943 3835 licet

2042 3516 2310 3590 principia
2349 3531 2490 3589 quae
2520 3517 2643 3586 jam
2680 3520 2810 3572 sunt
2847 3517 2908 3572 in
2947 3521 3192 3590 promtu,
3233 3521 3290 3572 et
3333 3531 3404 3570 ex
3431 3515 3610 3587 quibus

2042 3605 2174 3662 solis
2203 3605 2318 3660 sive
2344 3605 2472 3661 aliis
2499 3605 2756 3661 assumtis
2783 3605 3033 3661 concludi
3071 3607 3256 3678 potest
3291 3603 3372 3676 id,
3411 3604 3478 3660 de
3513 3619 3609 3674 quo

2042 3694 2236 3765 agitur.
2303 3693 2425 3749 Sint
2453 3699 2564 3749 tres
2589 3694 2847 3749 ven-intes
2877 3694 2945 3748 A.
2975 3693 3039 3751 B.
3071 3694 3129 3748 C.
3161 3709 3236 3749 ex
3272 3692 3470 3764 quibus
3495 3707 3608 3746 con·
3655 3751 3660 3756 ‚

1991 3794 1996 3881 Ἰ
2042 3782 2189 3837 cludi
2216 3783 2391 3855 possit
2418 3787 2614 3854 quarta
2642 3783 2730 3854 D.,
2761 3782 2914 3838 dico:
2957 3782 3006 3836 si
3045 3787 3158 3837 ties
3197 3780 3330 3838 illae
3371 3781 3608 3836 veritates

364 3885 491 3926 usus
529 3873 585 3926 et
621 3869 1036 3943 consequentiae
1072 3867 1383 3938 hujusmodi
1424 3883 1641 3940 quoque
1678 3868 1944 3940 cognitio-
2043 3869 2157 3925 sint
2192 3869 2492 3943 principia,
2535 3870 2590 3927 id
2629 3875 2731 3942 est,
2773 3885 2914 3942 quae
2941 3887 3056 3926 non
3083 3869 3498 3926 ratiocinatione
3525 3867 3606 3923 sed

362 3975 497 4015 num
525 3974 561 4013 a
588 3952 813 4014 scientia
841 3959 1079 4030 generali
1107 3957 1395 4031 pendeant·
1459 3957 1605 4012 Nam
1643 3956 1831 4013 habita
1860 3973 1942 4013 se-
1989 3906 1996 3993 Ι
2042 3958 2425 4014 observatione
2453 3959 2658 4015 discere
2685 3975 2824 4032 opus
2853 3959 2973 4032 mit,
3003 3962 3061 4014 et
3080 3973 3220 4031 quae
3246 3959 3476 4031 proinde
3503 3962 3607 4013 tum

364 4047 473 4103 mel
511 4045 619 4102 ista
658 4046 929 4118 Magnetis
969 4045 1334 4119 proprietate,
1387 4045 1574 4100 statim
1614 4048 1670 4099 et
1717 4043 1941 4118 pyxidis
2041 4062 2077 4102 a
2107 4063 2164 4102 se
2192 4046 2442 4119 invicem,
2481 4051 2600 4102 tum
2638 4048 2710 4103 ab
2751 4046 2891 4120 aliis,
2923 4049 3118 4103 saltem
3155 4048 3340 4119 quoad
3377 4061 3607 4120 piamen-

362 4134 613 4192 nauticae
661 4121 993 4190 constructio
1042 4138 1100 4189 et
1138 4149 1266 4188 usus
1305 4132 1365 4187 in
1404 4131 1714 4204 navigando
1754 4137 1942 4204 patere
2041 4139 2154 4191 tem
2229 4140 2474 4191 nostram
2535 4135 2904 4208 cognitionem
2918 4177 2934 4210 ‚
2997 4136 3420 4208 independentia
3475 4141 3605 4204 sunt,

362 4221 581 4292 debuit3
613 4227 709 4277 aut
736 4222 784 4276 si
814 4221 1076 4293 hominm,
1108 4220 1325 4292 cognita
1354 4220 1601 4291 veritate,
1633 4237 1793 4276 usum
1822 4221 1955 4306 ejus
2043 4223 2240 4279 deinde
2268 4224 2317 4278 si
2346 4225 2498 4279 nulla
2525 4224 2720 4280 harum
2747 4223 3059 4297 veritatum,
3099 4224 3330 4280 caeteris
3359 4222 3608 4278 manenti·

360 4310 640 4368 nauticum
650 4309 743 4365 diu
756 4310 1092 4382 ignoravere,
1106 4309 1207 4364 hoc
1225 4323 1339 4363 non
1358 4309 1466 4364 nisi
1486 4309 1945 4381 ignorantiaeAr-
2041 4313 2162 4384 bus,
2205 4311 2391 4368 omitti
2429 4313 2604 4384 possit
2641 4313 2792 4368 salva
2827 4313 3262 4384 ratiocinatione,
3304 4313 3531 4383 denique
3565 4309 3604 4364 si

363 4401 433 4457 tis
446 4397 804 4454 inveniendae
814 4397 1161 4454 tribuendum
1172 4401 1267 4452 est.
1280 4397 1753 4461 Quemadmodum
1762 4398 1944 4454 eidem
2043 4401 2253 4456 nullam
2281 4401 2450 4455 aliam
2477 4401 2790 4471 hujusmodi
2819 4402 3107 4456 veritatem
3143 4401 3214 4456 ad
3244 4400 3606 4472 integrandam

362 4487 712 4546 tribuendum
732 4489 841 4559 oet,
876 4485 1023 4558 quod
1040 4485 1417 4559 'Pelescopium
1448 4491 1503 4542 et
1522 4486 1944 4561 Microscopium
2043 4489 2518 4545 ratiocinationem
2567 4489 2744 4546 tribus
2793 4487 2906 4544 illis
2943 4488 3108 4558 adjici
3147 4505 3364 4545 necesse
3399 4489 3500 4559 sit3
3535 4513 3598 4527 -

360 4581 550 4634 nostro
590 4575 811 4631 demum
849 4573 1064 4631 saeculo
1104 4575 1372 4647 prodiere,
1412 4591 1537 4631 eum
1562 4579 1753 4633 tamen
1792 4575 1944 4649 prin-
2042 4577 2128 4633 his
2157 4577 2382 4649 inquam
2409 4577 2604 4649 positis
2631 4577 2773 4650 dico,
2803 4581 2916 4633 tres
2945 4577 3068 4632 illas
3093 4577 3352 4634 veritates
3380 4578 3447 4632 A.
3471 4575 3527 4632 B.
3547 4575 3600 4631 C.

358 4665 506 4739 cipia
552 4663 761 4721 dudum
807 4662 1099 4721 habuerint
1146 4663 1410 4740 homines,
1460 4681 1535 4721 ex
1571 4665 1771 4737 quibus
1808 4665 1943 4721 haec
2041 4681 2158 4722 esse
2185 4665 2316 4720 data
2342 4665 2666 4722 sufficientia
2691 4666 2764 4722 ad
2803 4665 3190 4722 inveniendam
3213 4672 3466 4738 quartam
3491 4666 3556 4720 D.

360 4755 723 4811 instrumenta
762 4753 920 4809 facile
957 4756 1212 4825 poterant
1252 4753 1393 4826 duci,
1435 4753 1483 4807 si
1520 4769 1651 4809 vera
1679 4753 1940 4809 methodo

361 4843 443 4901 usi
474 4840 717 4899 tuissent.
804 4840 1121 4914 Ignorantia
1148 4842 1316 4898 etiam
1340 4839 1503 4912 hujus
1530 4841 1682 4914 artis,
1712 4846 1811 4898 aut
1836 4841 1941 4898 sal-

361 4937 474 4990 tem
522 4928 825 4987 meditandi
880 4929 1253 5003 impotientia,
1318 4929 1561 5003 plerique
1618 4947 1829 4986 enorae
1879 4929 1941 4984 in

360 5019 637 5077 communi
663 5018 781 5074 vita
808 5018 1145 5093 contingunt⁷
1167 5035 1307 5091 quae
1332 5017 1450 5073 sive
1475 5017 1620 5073 cirea
1647 5017 1942 5074 sanitatem

362 5109 479 5166 sive
502 5109 645 5165 circa
673 5110 920 5165 fortunas
940 5107 1223 5163 hominum
1249 5105 1683 5179 committuntur,
1706 5106 1942 5179 plerum-

362 5213 468 5272 que
496 5197 645 5255 enim
673 5213 798 5255 cum
826 5200 1053 5255 eventus
1091 5195 1253 5252 nobis
1282 5196 1468 5251 oculos
1496 5193 1729 5271 operuit,
1772 5211 1942 5270 agno·

2127 4753 2410 4810 Habemus
2437 4759 2623 4812 autem
2660 4754 2942 4828 indicium,
2986 4753 3141 4823 cujus
3183 4771 3290 4828 ope
3315 4751 3604 4828 praevideri

2040 4845 2226 4916 potest
2251 4857 2524 4915 quaenam
2551 4844 2682 4900 data
2709 4843 2822 4899 sint
2849 4842 3190 4915 sufficientia,
3219 4843 3326 4898 ita:
3353 4843 3400 4898 si
3421 4859 3504 4898 res
3531 4846 3606 4896 ta-

2039 4931 2150 4986 lem
2177 4930 2322 4986 inter
2347 4947 2407 4987 se
2431 4931 2834 4988 connexionem
2861 4931 3115 5003 habeant,
3139 4935 3202 4987 ut
3229 4947 3340 4987 uno
3367 4932 3455 4986 vel
3481 4931 3606 4986 duo-

2041 5018 2146 5074 bus
2170 5019 2258 5074 vel
2287 5019 2464 5075 tribus
2490 5021 2804 5094 pluribusve
2843 5019 3236 5094 determinatiS,
3277 5019 3426 5076 aliud
3461 5017 3608 5091 quid·

2041 5107 2172 5163 dam
2199 5107 2370 5163 etiam
2397 5109 2472 5164 sit
2497 5109 2920 5166 determinatum
2947 5108 3066 5165 sive
3085 5109 3327 5182 unicum,
3355 5107 3603 5178 seqnitur,

2041 5195 2104 5253 in
2142 5195 2416 5270 prioribus
2452 5195 2564 5254 illis
2597 5197 2730 5255 data
2777 5213 2896 5256 esse
2931 5197 3274 5256 sufficientia.
3361 5193 3605 5268 Exempli
