<?xml version="1.0" encoding="UTF-8"?>
<!DOCTYPE html PUBLIC "-//W3C//DTD XHTML 1.0 Transitional//EN"
    "http://www.w3.org/TR/xhtml1/DTD/xhtml1-transitional.dtd">
<html xmlns="http://www.w3.org/1999/xhtml" xml:lang="en" lang="en">
 <head>
  <title>
</title>
<meta http-equiv="Content-Type" content="text/html;charset=utf-8" />
  <meta name='ocr-system' content='tesseract 3.04.00' />
  <meta name='ocr-capabilities' content='ocr_page ocr_carea ocr_par ocr_line ocrx_word'/>
</head>
<body>
  <div class='ocr_page' id='page_1' title='image "./godguilleibniti00erdmgoog_0074.png"; bbox 0 0 3717 5850; ppageno 0'>
   <div class='ocr_carea' id='block_1_1' title="bbox 361 317 452 386">
    <p class='ocr_par' dir='ltr' id='par_1_1' title="bbox 361 317 452 386">
     <span class='ocr_line' id='line_1_1' title="bbox 361 317 452 386; baseline 0 -2"><span class='ocrx_word' id='word_1_1' title='bbox 361 317 452 386; x_wconf 71' lang='lat'><strong>32</strong></span> 
     </span>
    </p>
   </div>
   <div class='ocr_carea' id='block_1_2' title="bbox 1459 319 2531 382">
    <p class='ocr_par' dir='ltr' id='par_1_2' title="bbox 1459 319 2531 382">
     <span class='ocr_line' id='line_1_2' title="bbox 1459 319 2531 382; baseline 0 0"><span class='ocrx_word' id='word_1_2' title='bbox 1459 322 1532 382; x_wconf 87' lang='lat'><strong>11.</strong></span> <span class='ocrx_word' id='word_1_3' title='bbox 1585 321 1686 380; x_wconf 89' lang='lat' dir='ltr'><strong>DE</strong></span> <span class='ocrx_word' id='word_1_4' title='bbox 1711 321 1917 382; x_wconf 79' lang='lat' dir='ltr'>ARTE</span> <span class='ocrx_word' id='word_1_5' title='bbox 1952 319 2531 382; x_wconf 77' lang='lat' dir='ltr'><strong>ooMBmA&#39;romA.</strong></span> 
     </span>
    </p>
   </div>
   <div class='ocr_carea' id='block_1_3' title="bbox 366 463 3524 550">
    <p class='ocr_par' dir='ltr' id='par_1_3' title="bbox 366 463 3524 550">
     <span class='ocr_line' id='line_1_3' title="bbox 366 463 3524 550; baseline -0.001 -24"><span class='ocrx_word' id='word_1_6' title='bbox 366 469 828 528; x_wconf 83' lang='lat' dir='ltr'><strong>2osuntinhoc</strong></span> <span class='ocrx_word' id='word_1_7' title='bbox 863 467 1138 526; x_wconf 69' lang='lat' dir='ltr'><strong>sebeume</strong></span> <span class='ocrx_word' id='word_1_8' title='bbox 1173 465 1391 524; x_wconf 75' lang='lat' dir='ltr'><strong>infinita</strong></span> <span class='ocrx_word' id='word_1_9' title='bbox 1427 463 1827 550; x_wconf 79' lang='lat' dir='ltr'><strong>propemodum</strong></span> <span class='ocrx_word' id='word_1_10' title='bbox 1864 463 1947 522; x_wconf 91' lang='lat' dir='ltr'><strong>di-</strong></span> <span class='ocrx_word' id='word_1_11' title='bbox 2045 464 2137 523; x_wconf 86' lang='lat' dir='ltr'><strong>hic</strong></span> <span class='ocrx_word' id='word_1_12' title='bbox 2170 479 2287 523; x_wconf 88' lang='lat' dir='ltr'><strong>non</strong></span> <span class='ocrx_word' id='word_1_13' title='bbox 2324 463 2505 522; x_wconf 90' lang='lat' dir='ltr'><strong>solum</strong></span> <span class='ocrx_word' id='word_1_14' title='bbox 2540 463 2957 539; x_wconf 64' lang='lat' dir='ltr'><strong>complexionis,</strong></span> <span class='ocrx_word' id='word_1_15' title='bbox 3004 464 3104 522; x_wconf 87' lang='lat' dir='ltr'><strong>sed</strong></span> <span class='ocrx_word' id='word_1_16' title='bbox 3150 469 3211 522; x_wconf 85' lang='lat' dir='ltr'><strong>et</strong></span> <span class='ocrx_word' id='word_1_17' title='bbox 3244 464 3387 524; x_wconf 84' lang='lat' dir='ltr'><strong>situs</strong></span> <span class='ocrx_word' id='word_1_18' title='bbox 3422 465 3524 524; x_wconf 79' lang='lat' dir='ltr'><strong>ha-</strong></span> 
     </span>
    </p>
   </div>
   <div class='ocr_carea' id='block_1_4' title="bbox 363 554 1949 5247">
    <p class='ocr_par' dir='ltr' id='par_1_4' title="bbox 363 554 1949 5247">
     <span class='ocr_line' id='line_1_4' title="bbox 467 554 1948 634; baseline -0.003 -18"><span class='ocrx_word' id='word_1_19' title='bbox 467 575 578 634; x_wconf 79' lang='lat' dir='ltr'><strong>gna</strong></span> <span class='ocrx_word' id='word_1_20' title='bbox 603 558 1002 616; x_wconf 84' lang='lat' dir='ltr'><strong>observatione.</strong></span> <span class='ocrx_word' id='word_1_21' title='bbox 1066 555 1184 613; x_wconf 86' lang='lat' dir='ltr'><strong>Nos</strong></span> <span class='ocrx_word' id='word_1_22' title='bbox 1209 571 1384 630; x_wconf 85' lang='lat' dir='ltr'><strong>pauca</strong></span> <span class='ocrx_word' id='word_1_23' title='bbox 1409 555 1754 629; x_wconf 82' lang='lat' dir='ltr'><strong>stringemus.</strong></span> <span class='ocrx_word' id='word_1_24' title='bbox 1817 554 1948 612; x_wconf 85' lang='lat' dir='ltr'><strong>Per-</strong></span> 
     </span>
     <span class='ocr_line' id='line_1_5' title="bbox 467 645 1945 719; baseline -0.003 -14"><span class='ocrx_word' id='word_1_25' title='bbox 467 664 639 705; x_wconf 82' lang='lat' dir='ltr'><strong>sonae</strong></span> <span class='ocrx_word' id='word_1_26' title='bbox 685 664 756 704; x_wconf 90' lang='lat' dir='ltr'><strong>eo</strong></span> <span class='ocrx_word' id='word_1_27' title='bbox 802 647 927 704; x_wconf 90' lang='lat' dir='ltr'><strong>loco</strong></span> <span class='ocrx_word' id='word_1_28' title='bbox 975 645 1368 719; x_wconf 81' lang='lat' dir='ltr'><strong>intelligantur,</strong></span> <span class='ocrx_word' id='word_1_29' title='bbox 1419 645 1518 702; x_wconf 87' lang='lat' dir='ltr'><strong>nbi</strong></span> <span class='ocrx_word' id='word_1_30' title='bbox 1557 647 1762 718; x_wconf 82' lang='lat' dir='ltr'><strong>puncta</strong></span> <span class='ocrx_word' id='word_1_31' title='bbox 1797 647 1945 700; x_wconf 85' lang='lat' dir='ltr'><strong>sunt.</strong></span> 
     </span>
     <span class='ocr_line' id='line_1_6' title="bbox 466 731 1943 810; baseline -0.003 -16"><span class='ocrx_word' id='word_1_32' title='bbox 466 735 697 794; x_wconf 85' lang='lat' dir='ltr'><strong>Numeri</strong></span> <span class='ocrx_word' id='word_1_33' title='bbox 725 739 927 810; x_wconf 82' lang='lat' dir='ltr'><strong>puncta</strong></span> <span class='ocrx_word' id='word_1_34' title='bbox 952 734 1306 808; x_wconf 71' lang='lat' dir='ltr'><strong>includentes,</strong></span> <span class='ocrx_word' id='word_1_35' title='bbox 1345 733 1636 806; x_wconf 73' lang='lat' dir='ltr'><strong>doeignaut</strong></span> <span class='ocrx_word' id='word_1_36' title='bbox 1660 731 1943 804; x_wconf 85' lang='lat' dir='ltr'><strong>terminos,</strong></span> 
     </span>
     <span class='ocr_line' id='line_1_7' title="bbox 467 821 1944 898; baseline -0.004 -16"><span class='ocrx_word' id='word_1_37' title='bbox 467 841 566 882; x_wconf 86' lang='lat' dir='ltr'><strong>seu</strong></span> <span class='ocrx_word' id='word_1_38' title='bbox 593 825 793 898; x_wconf 78' lang='lat' dir='ltr'><strong>gradus</strong></span> <span class='ocrx_word' id='word_1_39' title='bbox 820 824 1000 880; x_wconf 81' lang='lat' dir='ltr'><strong>lineae</strong></span> <span class='ocrx_word' id='word_1_40' title='bbox 1035 827 1216 880; x_wconf 88' lang='lat' dir='ltr'><strong>rectae</strong></span> <span class='ocrx_word' id='word_1_41' title='bbox 1253 822 1612 898; x_wconf 80' lang='lat' dir='ltr'><strong>(antecedens</strong></span> <span class='ocrx_word' id='word_1_42' title='bbox 1649 821 1944 878; x_wconf 85' lang='lat' dir='ltr'><strong>ascenden·</strong></span> 
     </span>
     <span class='ocr_line' id='line_1_8' title="bbox 467 905 1945 989; baseline -0.004 -17"><span class='ocrx_word' id='word_1_43' title='bbox 467 915 562 987; x_wconf 72' lang='lat' dir='ltr'><strong>tis,</strong></span> <span class='ocrx_word' id='word_1_44' title='bbox 589 929 819 988; x_wconf 87' lang='lat' dir='ltr'><strong>sequeus</strong></span> <span class='ocrx_word' id='word_1_45' title='bbox 845 905 1255 989; x_wconf 76' lang='lat' dir='ltr'><strong>tieseendentis)</strong></span> <span class='ocrx_word' id='word_1_46' title='bbox 1295 927 1374 968; x_wconf 80' lang='lat' dir='ltr'><strong>ex</strong></span> <span class='ocrx_word' id='word_1_47' title='bbox 1397 909 1598 984; x_wconf 89' lang='lat' dir='ltr'><strong>quibus</strong></span> <span class='ocrx_word' id='word_1_48' title='bbox 1634 909 1796 966; x_wconf 83' lang='lat' dir='ltr'><strong>datus</strong></span> <span class='ocrx_word' id='word_1_49' title='bbox 1823 925 1945 981; x_wconf 82' lang='lat' dir='ltr'><strong>gra-</strong></span> 
     </span>
     <span class='ocr_line' id='line_1_9' title="bbox 467 997 1944 1075; baseline -0.005 -15"><span class='ocrx_word' id='word_1_50' title='bbox 467 1003 572 1061; x_wconf 86' lang='lat' dir='ltr'><strong>dus</strong></span> <span class='ocrx_word' id='word_1_51' title='bbox 607 1001 986 1060; x_wconf 64' lang='lat' dir='ltr'><strong>semermis</strong></span> <span class='ocrx_word' id='word_1_52' title='bbox 1021 1000 1386 1075; x_wconf 87' lang='lat' dir='ltr'><strong>componitur.</strong></span> <span class='ocrx_word' id='word_1_53' title='bbox 1463 1000 1532 1056; x_wconf 85' lang='lat' dir='ltr'><strong>Iu</strong></span> <span class='ocrx_word' id='word_1_54' title='bbox 1567 998 1760 1055; x_wconf 88' lang='lat' dir='ltr'><strong>eadem</strong></span> <span class='ocrx_word' id='word_1_55' title='bbox 1795 997 1944 1054; x_wconf 82' lang='lat' dir='ltr'><strong>linea</strong></span> 
     </span>
     <span class='ocr_line' id='line_1_10' title="bbox 468 1087 1945 1161; baseline -0.005 -12"><span class='ocrx_word' id='word_1_56' title='bbox 468 1097 780 1149; x_wconf 67' lang='lat' dir='ltr'><strong>musverm</strong></span> <span class='ocrx_word' id='word_1_57' title='bbox 815 1091 1024 1148; x_wconf 84' lang='lat' dir='ltr'><strong>directa</strong></span> <span class='ocrx_word' id='word_1_58' title='bbox 1057 1094 1190 1146; x_wconf 86' lang='lat' dir='ltr'><strong>sunt</strong></span> <span class='ocrx_word' id='word_1_59' title='bbox 1223 1088 1470 1159; x_wconf 71' lang='lat' dir='ltr'><strong>eiusdem</strong></span> <span class='ocrx_word' id='word_1_60' title='bbox 1507 1087 1706 1161; x_wconf 77' lang='lat' dir='ltr'><strong>gratius</strong></span> <span class='ocrx_word' id='word_1_61' title='bbox 1745 1102 1945 1159; x_wconf 77' lang='lat' dir='ltr'><strong>cogua-</strong></span> 
     </span>
     <span class='ocr_line' id='line_1_11' title="bbox 467 1175 1945 1255; baseline -0.005 -17"><span class='ocrx_word' id='word_1_62' title='bbox 467 1182 674 1238; x_wconf 71' lang='lat' dir='ltr'><strong>tiouese</strong></span> <span class='ocrx_word' id='word_1_63' title='bbox 703 1180 929 1255; x_wconf 84' lang='lat' dir='ltr'><strong>oblique</strong></span> <span class='ocrx_word' id='word_1_64' title='bbox 953 1195 992 1235; x_wconf 86' lang='lat' dir='ltr'><strong>a</strong></span> <span class='ocrx_word' id='word_1_65' title='bbox 1015 1194 1249 1249; x_wconf 86' lang='lat' dir='ltr'><strong>summo,</strong></span> <span class='ocrx_word' id='word_1_66' title='bbox 1279 1177 1354 1234; x_wconf 84' lang='lat' dir='ltr'><strong>ad</strong></span> <span class='ocrx_word' id='word_1_67' title='bbox 1379 1177 1558 1233; x_wconf 89' lang='lat' dir='ltr'><strong>imum</strong></span> <span class='ocrx_word' id='word_1_68' title='bbox 1591 1175 1945 1232; x_wconf 77' lang='lat' dir='ltr'><strong>dextrorsum</strong></span> 
     </span>
     <span class='ocr_line' id='line_1_12' title="bbox 465 1263 1942 1342; baseline -0.005 -14"><span class='ocrx_word' id='word_1_69' title='bbox 465 1270 720 1328; x_wconf 78' lang='lat' dir='ltr'><strong>ordinem</strong></span> <span class='ocrx_word' id='word_1_70' title='bbox 756 1267 1151 1342; x_wconf 79' lang='lat' dir='ltr'><strong>generationis3</strong></span> <span class='ocrx_word' id='word_1_71' title='bbox 1189 1268 1251 1322; x_wconf 87' lang='lat' dir='ltr'><strong>at</strong></span> <span class='ocrx_word' id='word_1_72' title='bbox 1285 1265 1666 1322; x_wconf 69' lang='lat' dir='ltr'><strong>sinisti-emm</strong></span> <span class='ocrx_word' id='word_1_73' title='bbox 1704 1263 1942 1338; x_wconf 87' lang='lat' dir='ltr'><strong>complc-</strong></span> 
     </span>
     <span class='ocr_line' id='line_1_13' title="bbox 465 1352 1944 1430; baseline -0.004 -14"><span class='ocrx_word' id='word_1_74' title='bbox 465 1363 692 1416; x_wconf 86' lang='lat' dir='ltr'><strong>ctuntur</strong></span> <span class='ocrx_word' id='word_1_75' title='bbox 713 1356 1068 1430; x_wconf 80' lang='lat' dir='ltr'><strong>cognationes</strong></span> <span class='ocrx_word' id='word_1_76' title='bbox 1095 1356 1460 1427; x_wconf 76' lang='lat' dir='ltr'><strong>homogeneas</strong></span> <span class='ocrx_word' id='word_1_77' title='bbox 1486 1353 1660 1428; x_wconf 78' lang='lat' dir='ltr'><strong>gradu</strong></span> <span class='ocrx_word' id='word_1_78' title='bbox 1687 1352 1944 1410; x_wconf 80' lang='lat' dir='ltr'><strong>differen-</strong></span> 
     </span>
     <span class='ocr_line' id='line_1_14' title="bbox 467 1441 1945 1519; baseline -0.005 -14"><span class='ocrx_word' id='word_1_79' title='bbox 467 1453 568 1505; x_wconf 74' lang='lat' dir='ltr'><strong>tes.</strong></span> <span class='ocrx_word' id='word_1_80' title='bbox 629 1447 804 1504; x_wconf 78' lang='lat' dir='ltr'><strong>Linea</strong></span> <span class='ocrx_word' id='word_1_81' title='bbox 854 1443 1316 1519; x_wconf 71' lang='lat' dir='ltr'><strong>perpmdiculmis</strong></span> <span class='ocrx_word' id='word_1_82' title='bbox 1352 1442 1516 1500; x_wconf 83' lang='lat' dir='ltr'><strong>unica</strong></span> <span class='ocrx_word' id='word_1_83' title='bbox 1553 1460 1592 1500; x_wconf 88' lang='lat' dir='ltr'><strong>a</strong></span> <span class='ocrx_word' id='word_1_84' title='bbox 1627 1441 1829 1498; x_wconf 66' lang='lat' dir='ltr'><strong>vaetice</strong></span> <span class='ocrx_word' id='word_1_85' title='bbox 1870 1442 1945 1498; x_wconf 87' lang='lat' dir='ltr'><strong>ad</strong></span> 
     </span>
     <span class='ocr_line' id='line_1_15' title="bbox 465 1531 1944 1608; baseline -0.003 -15"><span class='ocrx_word' id='word_1_86' title='bbox 465 1534 644 1608; x_wconf 81' lang='lat' dir='ltr'><strong>basin,</strong></span> <span class='ocrx_word' id='word_1_87' title='bbox 675 1533 1011 1607; x_wconf 79' lang='lat' dir='ltr'><strong>triangulum</strong></span> <span class='ocrx_word' id='word_1_88' title='bbox 1029 1532 1298 1601; x_wconf 70' lang='lat' dir='ltr'><strong>dividam,</strong></span> <span class='ocrx_word' id='word_1_89' title='bbox 1317 1531 1564 1589; x_wconf 88' lang='lat' dir='ltr'><strong>continet</strong></span> <span class='ocrx_word' id='word_1_90' title='bbox 1589 1531 1944 1604; x_wconf 80' lang='lat' dir='ltr'><strong>cognationes</strong></span> 
     </span>
     <span class='ocr_line' id='line_1_16' title="bbox 463 1620 1945 1698; baseline -0.004 -16"><span class='ocrx_word' id='word_1_91' title='bbox 463 1639 700 1698; x_wconf 84' lang='lat' dir='ltr'><strong>quarum</strong></span> <span class='ocrx_word' id='word_1_92' title='bbox 749 1622 1014 1680; x_wconf 86' lang='lat' dir='ltr'><strong>terminus</strong></span> <span class='ocrx_word' id='word_1_93' title='bbox 1063 1627 1122 1678; x_wconf 86' lang='lat' dir='ltr'><strong>et</strong></span> <span class='ocrx_word' id='word_1_94' title='bbox 1169 1621 1464 1678; x_wconf 87' lang='lat' dir='ltr'><strong>ascendens</strong></span> <span class='ocrx_word' id='word_1_95' title='bbox 1503 1623 1566 1677; x_wconf 89' lang='lat' dir='ltr'><strong>et</strong></span> <span class='ocrx_word' id='word_1_96' title='bbox 1611 1620 1945 1677; x_wconf 88' lang='lat' dir='ltr'><strong>descendens</strong></span> 
     </span>
     <span class='ocr_line' id='line_1_17' title="bbox 465 1708 1943 1784; baseline -0.003 -14"><span class='ocrx_word' id='word_1_97' title='bbox 465 1718 598 1770; x_wconf 84' lang='lat' dir='ltr'><strong>sunt</strong></span> <span class='ocrx_word' id='word_1_98' title='bbox 621 1711 870 1782; x_wconf 86' lang='lat' dir='ltr'><strong>ejusdem</strong></span> <span class='ocrx_word' id='word_1_99' title='bbox 897 1711 1126 1784; x_wconf 70' lang='lat' dir='ltr'><strong>gradus-5</strong></span> <span class='ocrx_word' id='word_1_100' title='bbox 1154 1709 1292 1766; x_wconf 84' lang='lat' dir='ltr'><strong>tales</strong></span> <span class='ocrx_word' id='word_1_101' title='bbox 1321 1726 1459 1766; x_wconf 84' lang='lat' dir='ltr'><strong>voco</strong></span> <span class='ocrx_word' id='word_1_102' title='bbox 1485 1708 1943 1781; x_wconf 82' lang='lat' dir='ltr'><strong>aequilibres,</strong></span> 
     </span>
     <span class='ocr_line' id='line_1_18' title="bbox 465 1797 1948 1872; baseline -0.005 -13"><span class='ocrx_word' id='word_1_103' title='bbox 465 1807 526 1859; x_wconf 90' lang='lat' dir='ltr'><strong>et</strong></span> <span class='ocrx_word' id='word_1_104' title='bbox 549 1803 752 1859; x_wconf 80' lang='lat' dir='ltr'><strong>dautur</strong></span> <span class='ocrx_word' id='word_1_105' title='bbox 777 1801 958 1856; x_wconf 88' lang='lat' dir='ltr'><strong>solum</strong></span> <span class='ocrx_word' id='word_1_106' title='bbox 984 1799 1046 1856; x_wconf 88' lang='lat' dir='ltr'><strong>in</strong></span> <span class='ocrx_word' id='word_1_107' title='bbox 1073 1797 1333 1872; x_wconf 81' lang='lat' dir='ltr'><strong>gradibus</strong></span> <span class='ocrx_word' id='word_1_108' title='bbox 1360 1798 1482 1872; x_wconf 83' lang='lat' dir='ltr'><strong>pari</strong></span> <span class='ocrx_word' id='word_1_109' title='bbox 1509 1813 1739 1854; x_wconf 89' lang='lat' dir='ltr'><strong>numero</strong></span> <span class='ocrx_word' id='word_1_110' title='bbox 1765 1798 1948 1871; x_wconf 78' lang='lat' dir='ltr'><strong>signa-</strong></span> 
     </span>
     <span class='ocr_line' id='line_1_19' title="bbox 365 1886 1949 1964; baseline -0.001 -21"><span class='ocrx_word' id='word_1_111' title='bbox 365 1887 556 1964; x_wconf 63' lang='lat'><strong>2152,</strong></span> <span class='ocrx_word' id='word_1_112' title='bbox 598 1890 657 1946; x_wconf 88' lang='lat' dir='ltr'><strong>in</strong></span> <span class='ocrx_word' id='word_1_113' title='bbox 697 1905 809 1945; x_wconf 89' lang='lat' dir='ltr'><strong>uno</strong></span> <span class='ocrx_word' id='word_1_114' title='bbox 844 1905 962 1945; x_wconf 88' lang='lat' dir='ltr'><strong>non</strong></span> <span class='ocrx_word' id='word_1_115' title='bbox 997 1887 1109 1944; x_wconf 86' lang='lat' dir='ltr'><strong>nisi</strong></span> <span class='ocrx_word' id='word_1_116' title='bbox 1143 1902 1302 1943; x_wconf 88' lang='lat' dir='ltr'><strong>unus.</strong></span> <span class='ocrx_word' id='word_1_117' title='bbox 1376 1887 1522 1943; x_wconf 92' lang='lat' dir='ltr'><strong>Nam</strong></span> <span class='ocrx_word' id='word_1_118' title='bbox 1557 1887 1609 1944; x_wconf 85' lang='lat' dir='ltr'><strong>si</strong></span> <span class='ocrx_word' id='word_1_119' title='bbox 1641 1886 1792 1944; x_wconf 72' lang='lat' dir='ltr'><strong>‘libra</strong></span> <span class='ocrx_word' id='word_1_120' title='bbox 1830 1903 1949 1942; x_wconf 87' lang='lat' dir='ltr'><strong>esse</strong></span> 
     </span>
     <span class='ocr_line' id='line_1_20' title="bbox 466 1975 1945 2052; baseline -0.004 -16"><span class='ocrx_word' id='word_1_121' title='bbox 466 1981 728 2052; x_wconf 81' lang='lat' dir='ltr'><strong>fingatur,</strong></span> <span class='ocrx_word' id='word_1_122' title='bbox 775 1975 930 2048; x_wconf 75' lang='lat' dir='ltr'><strong>cuius</strong></span> <span class='ocrx_word' id='word_1_123' title='bbox 969 1975 1178 2032; x_wconf 87' lang='lat' dir='ltr'><strong>trutina</strong></span> <span class='ocrx_word' id='word_1_124' title='bbox 1213 1975 1290 2032; x_wconf 85' lang='lat' dir='ltr'><strong>sit</strong></span> <span class='ocrx_word' id='word_1_125' title='bbox 1327 1975 1476 2034; x_wconf 83' lang='lat' dir='ltr'><strong>linea</strong></span> <span class='ocrx_word' id='word_1_126' title='bbox 1513 1975 1712 2048; x_wconf 77' lang='lat' dir='ltr'><strong>gradus</strong></span> <span class='ocrx_word' id='word_1_127' title='bbox 1749 1975 1945 2049; x_wconf 78' lang='lat' dir='ltr'><strong>primi3</strong></span> 
     </span>
     <span class='ocr_line' id='line_1_21' title="bbox 465 2063 1946 2138; baseline -0.003 -13"><span class='ocrx_word' id='word_1_128' title='bbox 465 2067 690 2125; x_wconf 85' lang='lat' dir='ltr'><strong>brachia</strong></span> <span class='ocrx_word' id='word_1_129' title='bbox 723 2083 855 2122; x_wconf 83' lang='lat' dir='ltr'><strong>vero</strong></span> <span class='ocrx_word' id='word_1_130' title='bbox 893 2065 1034 2122; x_wconf 83' lang='lat' dir='ltr'><strong>sint:</strong></span> <span class='ocrx_word' id='word_1_131' title='bbox 1076 2064 1336 2122; x_wconf 81' lang='lat' dir='ltr'><strong>dextrum</strong></span> <span class='ocrx_word' id='word_1_132' title='bbox 1359 2064 1602 2138; x_wconf 87' lang='lat' dir='ltr'><strong>quidem,</strong></span> <span class='ocrx_word' id='word_1_133' title='bbox 1638 2063 1788 2122; x_wconf 86' lang='lat' dir='ltr'><strong>linea</strong></span> <span class='ocrx_word' id='word_1_134' title='bbox 1825 2080 1946 2137; x_wconf 86' lang='lat' dir='ltr'><strong>per·</strong></span> 
     </span>
     <span class='ocr_line' id='line_1_22' title="bbox 465 2152 1942 2232; baseline -0.003 -20"><span class='ocrx_word' id='word_1_135' title='bbox 465 2154 830 2232; x_wconf 77' lang='lat' dir='ltr'><strong>pmdicularis</strong></span> <span class='ocrx_word' id='word_1_136' title='bbox 869 2171 908 2210; x_wconf 89' lang='lat' dir='ltr'><strong>a</strong></span> <span class='ocrx_word' id='word_1_137' title='bbox 944 2169 1161 2212; x_wconf 86' lang='lat' dir='ltr'><strong>summa</strong></span> <span class='ocrx_word' id='word_1_138' title='bbox 1200 2170 1436 2227; x_wconf 79' lang='lat' dir='ltr'><strong>persona</strong></span> <span class='ocrx_word' id='word_1_139' title='bbox 1470 2152 1942 2225; x_wconf 60' lang='lat' dir='ltr'><strong>descendentium,</strong></span> 
     </span>
     <span class='ocr_line' id='line_1_23' title="bbox 465 2242 1945 2317; baseline -0.003 -16"><span class='ocrx_word' id='word_1_140' title='bbox 465 2243 750 2302; x_wconf 84' lang='lat' dir='ltr'><strong>sinistrum</strong></span> <span class='ocrx_word' id='word_1_141' title='bbox 777 2259 928 2316; x_wconf 84' lang='lat' dir='ltr'><strong>vero,</strong></span> <span class='ocrx_word' id='word_1_142' title='bbox 956 2242 1416 2317; x_wconf 76' lang='lat' dir='ltr'><strong>perpendicularis</strong></span> <span class='ocrx_word' id='word_1_143' title='bbox 1453 2259 1489 2299; x_wconf 85' lang='lat' dir='ltr'><strong>a</strong></span> <span class='ocrx_word' id='word_1_144' title='bbox 1515 2257 1733 2300; x_wconf 81' lang='lat' dir='ltr'><strong>summa</strong></span> <span class='ocrx_word' id='word_1_145' title='bbox 1759 2257 1945 2298; x_wconf 85' lang='lat' dir='ltr'><strong>ascen-</strong></span> 
     </span>
     <span class='ocr_line' id='line_1_24' title="bbox 467 2331 1943 2391; baseline -0.003 0"><span class='ocrx_word' id='word_1_146' title='bbox 467 2333 716 2391; x_wconf 84' lang='lat' dir='ltr'><strong>dentium</strong></span> <span class='ocrx_word' id='word_1_147' title='bbox 763 2332 928 2390; x_wconf 83' lang='lat' dir='ltr'><strong>ducta</strong></span> <span class='ocrx_word' id='word_1_148' title='bbox 973 2333 1050 2390; x_wconf 80' lang='lat' dir='ltr'><strong>ad</strong></span> <span class='ocrx_word' id='word_1_149' title='bbox 1098 2331 1396 2388; x_wconf 76' lang='lat' dir='ltr'><strong>terminum</strong></span> <span class='ocrx_word' id='word_1_150' title='bbox 1432 2331 1522 2388; x_wconf 82' lang='lat' dir='ltr'><strong>vel</strong></span> <span class='ocrx_word' id='word_1_151' title='bbox 1559 2331 1943 2388; x_wconf 68' lang='lat' dir='ltr'><strong>ascendentem</strong></span> 
     </span>
     <span class='ocr_line' id='line_1_25' title="bbox 466 2419 1943 2493; baseline -0.003 -13"><span class='ocrx_word' id='word_1_152' title='bbox 466 2423 558 2480; x_wconf 85' lang='lat' dir='ltr'><strong>vel</strong></span> <span class='ocrx_word' id='word_1_153' title='bbox 606 2422 1020 2483; x_wconf 77' lang='lat' dir='ltr'><strong>doecendeutem</strong></span> <span class='ocrx_word' id='word_1_154' title='bbox 1059 2421 1248 2477; x_wconf 78' lang='lat' dir='ltr'><strong>datam</strong></span> <span class='ocrx_word' id='word_1_155' title='bbox 1295 2419 1680 2493; x_wconf 74' lang='lat' dir='ltr'><strong>cognationem</strong></span> <span class='ocrx_word' id='word_1_156' title='bbox 1719 2435 1943 2492; x_wconf 86' lang='lat' dir='ltr'><strong>compo-</strong></span> 
     </span>
     <span class='ocr_line' id='line_1_26' title="bbox 466 2508 1942 2583; baseline -0.003 -14"><span class='ocrx_word' id='word_1_157' title='bbox 466 2515 720 2583; x_wconf 83' lang='lat' dir='ltr'><strong>nentcm3</strong></span> <span class='ocrx_word' id='word_1_158' title='bbox 761 2515 882 2567; x_wconf 84' lang='lat' dir='ltr'><strong>tum</strong></span> <span class='ocrx_word' id='word_1_159' title='bbox 917 2509 1153 2567; x_wconf 80' lang='lat' dir='ltr'><strong>bracluis</strong></span> <span class='ocrx_word' id='word_1_160' title='bbox 1190 2509 1533 2582; x_wconf 86' lang='lat' dir='ltr'><strong>aequalibus,</strong></span> <span class='ocrx_word' id='word_1_161' title='bbox 1587 2509 1636 2564; x_wconf 89' lang='lat' dir='ltr'><strong>si</strong></span> <span class='ocrx_word' id='word_1_162' title='bbox 1686 2508 1942 2581; x_wconf 86' lang='lat' dir='ltr'><strong>utrinque</strong></span> 
     </span>
     <span class='ocr_line' id='line_1_27' title="bbox 471 2596 1943 2671; baseline -0.003 -14"><span class='ocrx_word' id='word_1_163' title='bbox 471 2601 530 2657; x_wconf 87' lang='grc'><strong>3.</strong></span> <span class='ocrx_word' id='word_1_164' title='bbox 563 2601 621 2656; x_wconf 85' lang='grc'><strong>3.</strong></span> <span class='ocrx_word' id='word_1_165' title='bbox 649 2603 750 2656; x_wconf 86' lang='lat' dir='ltr'><strong>aut</strong></span> <span class='ocrx_word' id='word_1_166' title='bbox 779 2599 836 2655; x_wconf 90' lang='lat'><strong>2.</strong></span> <span class='ocrx_word' id='word_1_167' title='bbox 869 2599 926 2654; x_wconf 84' lang='lat'><strong>2.</strong></span> <span class='ocrx_word' id='word_1_168' title='bbox 953 2602 1057 2656; x_wconf 90' lang='lat' dir='ltr'><strong>etc.</strong></span> <span class='ocrx_word' id='word_1_169' title='bbox 1099 2598 1354 2671; x_wconf 86' lang='lat' dir='ltr'><strong>cognatio</strong></span> <span class='ocrx_word' id='word_1_170' title='bbox 1381 2599 1490 2654; x_wconf 88' lang='lat' dir='ltr'><strong>erit</strong></span> <span class='ocrx_word' id='word_1_171' title='bbox 1529 2596 1848 2670; x_wconf 85' lang='lat' dir='ltr'><strong>aequilibris</strong></span> <span class='ocrx_word' id='word_1_172' title='bbox 1885 2601 1943 2652; x_wconf 89' lang='lat' dir='ltr'><strong>et</strong></span> 
     </span>
     <span class='ocr_line' id='line_1_28' title="bbox 467 2686 1943 2765; baseline -0.001 -21"><span class='ocrx_word' id='word_1_173' title='bbox 467 2689 725 2765; x_wconf 86' lang='lat' dir='ltr'><strong>ponenda</strong></span> <span class='ocrx_word' id='word_1_174' title='bbox 742 2688 806 2744; x_wconf 87' lang='lat' dir='ltr'><strong>in</strong></span> <span class='ocrx_word' id='word_1_175' title='bbox 825 2687 1006 2744; x_wconf 88' lang='lat' dir='ltr'><strong>medio</strong></span> <span class='ocrx_word' id='word_1_176' title='bbox 1026 2686 1316 2759; x_wconf 72' lang='lat' dir='ltr'><strong>trianguli-3</strong></span> <span class='ocrx_word' id='word_1_177' title='bbox 1345 2686 1406 2742; x_wconf 91' lang='lat' dir='ltr'><strong>iu</strong></span> <span class='ocrx_word' id='word_1_178' title='bbox 1425 2686 1820 2760; x_wconf 87' lang='lat' dir='ltr'><strong>inaequalibus,</strong></span> <span class='ocrx_word' id='word_1_179' title='bbox 1849 2701 1943 2742; x_wconf 89' lang='lat' dir='ltr'><strong>co-</strong></span> 
     </span>
     <span class='ocr_line' id='line_1_29' title="bbox 467 2774 1941 2852; baseline -0.003 -18"><span class='ocrx_word' id='word_1_180' title='bbox 467 2778 658 2852; x_wconf 82' lang='lat' dir='ltr'><strong>gnatio</strong></span> <span class='ocrx_word' id='word_1_181' title='bbox 685 2776 814 2833; x_wconf 86' lang='lat' dir='ltr'><strong>talis</strong></span> <span class='ocrx_word' id='word_1_182' title='bbox 841 2777 1096 2850; x_wconf 88' lang='lat' dir='ltr'><strong>ponenda</strong></span> <span class='ocrx_word' id='word_1_183' title='bbox 1117 2775 1178 2831; x_wconf 90' lang='lat' dir='ltr'><strong>in</strong></span> <span class='ocrx_word' id='word_1_184' title='bbox 1197 2793 1266 2832; x_wconf 91' lang='lat' dir='ltr'><strong>eo</strong></span> <span class='ocrx_word' id='word_1_185' title='bbox 1287 2775 1458 2832; x_wconf 84' lang='lat' dir='ltr'><strong>latere</strong></span> <span class='ocrx_word' id='word_1_186' title='bbox 1489 2775 1638 2848; x_wconf 91' lang='lat' dir='ltr'><strong>quod</strong></span> <span class='ocrx_word' id='word_1_187' title='bbox 1657 2774 1838 2831; x_wconf 86' lang='lat' dir='ltr'><strong>lineae</strong></span> <span class='ocrx_word' id='word_1_188' title='bbox 1855 2791 1941 2830; x_wconf 89' lang='lat' dir='ltr'><strong>re-</strong></span> 
     </span>
     <span class='ocr_line' id='line_1_30' title="bbox 467 2863 1942 2938; baseline -0.003 -14"><span class='ocrx_word' id='word_1_189' title='bbox 467 2872 589 2925; x_wconf 87' lang='lat' dir='ltr'><strong>ctac</strong></span> <span class='ocrx_word' id='word_1_190' title='bbox 615 2865 705 2922; x_wconf 86' lang='lat' dir='ltr'><strong>vel</strong></span> <span class='ocrx_word' id='word_1_191' title='bbox 733 2864 1044 2922; x_wconf 73' lang='lat' dir='ltr'><strong>ascendenti</strong></span> <span class='ocrx_word' id='word_1_192' title='bbox 1085 2865 1178 2921; x_wconf 85' lang='lat' dir='ltr'><strong>vel</strong></span> <span class='ocrx_word' id='word_1_193' title='bbox 1203 2863 1548 2921; x_wconf 79' lang='lat' dir='ltr'><strong>descendenti</strong></span> <span class='ocrx_word' id='word_1_194' title='bbox 1576 2879 1650 2919; x_wconf 83' lang='lat' dir='ltr'><strong>ex</strong></span> <span class='ocrx_word' id='word_1_195' title='bbox 1677 2879 1787 2938; x_wconf 87' lang='lat' dir='ltr'><strong>qua</strong></span> <span class='ocrx_word' id='word_1_196' title='bbox 1815 2863 1942 2920; x_wconf 88' lang='lat' dir='ltr'><strong>bra-</strong></span> 
     </span>
     <span class='ocr_line' id='line_1_31' title="bbox 366 2942 1941 3029; baseline -0.003 -16"><span class='ocrx_word' id='word_1_197' title='bbox 366 2942 447 2999; x_wconf 78' lang='lat'><strong>22</strong></span> <span class='ocrx_word' id='word_1_198' title='bbox 465 2956 652 3013; x_wconf 84' lang='lat' dir='ltr'><strong>chium</strong></span> <span class='ocrx_word' id='word_1_199' title='bbox 689 2954 904 3029; x_wconf 85' lang='lat' dir='ltr'><strong>longius</strong></span> <span class='ocrx_word' id='word_1_200' title='bbox 943 2958 1188 3010; x_wconf 84' lang='lat' dir='ltr'><strong>sumtum</strong></span> <span class='ocrx_word' id='word_1_201' title='bbox 1228 2959 1337 3026; x_wconf 65' lang='lat' dir='ltr'><strong>est,</strong></span> <span class='ocrx_word' id='word_1_202' title='bbox 1378 2956 1462 3010; x_wconf 89' lang='lat' dir='ltr'><strong>est</strong></span> <span class='ocrx_word' id='word_1_203' title='bbox 1501 2952 1758 3009; x_wconf 82' lang='lat' dir='ltr'><strong>vicinum.</strong></span> <span class='ocrx_word' id='word_1_204' title='bbox 1833 2952 1941 3009; x_wconf 89' lang='lat' dir='ltr'><strong>Hic</strong></span> 
     </span>
     <span class='ocr_line' id='line_1_32' title="bbox 457 3040 1941 3118; baseline -0.004 -15"><span class='ocrx_word' id='word_1_205' title='bbox 457 3043 582 3115; x_wconf 86' lang='lat' dir='ltr'><strong>jam</strong></span> <span class='ocrx_word' id='word_1_206' title='bbox 601 3044 1046 3118; x_wconf 83' lang='lat' dir='ltr'><strong>complexionum</strong></span> <span class='ocrx_word' id='word_1_207' title='bbox 1064 3042 1150 3097; x_wconf 86' lang='lat' dir='ltr'><strong>vis</strong></span> <span class='ocrx_word' id='word_1_208' title='bbox 1168 3041 1508 3117; x_wconf 80' lang='lat' dir='ltr'><strong>apertissime</strong></span> <span class='ocrx_word' id='word_1_209' title='bbox 1525 3041 1745 3099; x_wconf 80' lang='lat' dir='ltr'><strong>relucet.</strong></span> <span class='ocrx_word' id='word_1_210' title='bbox 1779 3040 1941 3099; x_wconf 89' lang='lat' dir='ltr'><strong>Com-</strong></span> 
     </span>
     <span class='ocr_line' id='line_1_33' title="bbox 464 3132 1941 3208; baseline -0.003 -18"><span class='ocrx_word' id='word_1_211' title='bbox 464 3136 746 3208; x_wconf 76' lang='lat' dir='ltr'><strong>ponuntnr</strong></span> <span class='ocrx_word' id='word_1_212' title='bbox 782 3132 932 3189; x_wconf 87' lang='lat' dir='ltr'><strong>enim</strong></span> <span class='ocrx_word' id='word_1_213' title='bbox 969 3148 1160 3188; x_wconf 88' lang='lat' dir='ltr'><strong>omnes</strong></span> <span class='ocrx_word' id='word_1_214' title='bbox 1197 3148 1462 3203; x_wconf 81' lang='lat' dir='ltr'><strong>personae</strong></span> <span class='ocrx_word' id='word_1_215' title='bbox 1497 3135 1838 3187; x_wconf 85' lang='lat' dir='ltr'><strong>transversae</strong></span> <span class='ocrx_word' id='word_1_216' title='bbox 1866 3146 1941 3187; x_wconf 82' lang='lat' dir='ltr'><strong>ex</strong></span> 
     </span>
     <span class='ocr_line' id='line_1_34' title="bbox 469 3218 1937 3292; baseline -0.001 -15"><span class='ocrx_word' id='word_1_217' title='bbox 469 3222 508 3277; x_wconf 88' lang='lat'><strong>2</strong></span> <span class='ocrx_word' id='word_1_218' title='bbox 562 3220 829 3292; x_wconf 77' lang='lat' dir='ltr'><strong>terminis,</strong></span> <span class='ocrx_word' id='word_1_219' title='bbox 881 3235 996 3276; x_wconf 86' lang='lat' dir='ltr'><strong>una</strong></span> <span class='ocrx_word' id='word_1_220' title='bbox 1043 3219 1371 3291; x_wconf 78' lang='lat' dir='ltr'><strong>cognatione</strong></span> <span class='ocrx_word' id='word_1_221' title='bbox 1406 3224 1558 3276; x_wconf 83' lang='lat' dir='ltr'><strong>recta</strong></span> <span class='ocrx_word' id='word_1_222' title='bbox 1605 3218 1937 3291; x_wconf 83' lang='lat' dir='ltr'><strong>ascendenti,</strong></span> 
     </span>
     <span class='ocr_line' id='line_1_35' title="bbox 465 3308 1943 3381; baseline -0.002 -14"><span class='ocrx_word' id='word_1_223' title='bbox 465 3310 640 3367; x_wconf 83' lang='lat' dir='ltr'><strong>altera</strong></span> <span class='ocrx_word' id='word_1_224' title='bbox 668 3308 1044 3365; x_wconf 74' lang='lat' dir='ltr'><strong>doecendenti:</strong></span> <span class='ocrx_word' id='word_1_225' title='bbox 1074 3323 1290 3381; x_wconf 83' lang='lat' dir='ltr'><strong>semper</strong></span> <span class='ocrx_word' id='word_1_226' title='bbox 1315 3312 1502 3363; x_wconf 86' lang='lat' dir='ltr'><strong>autem</strong></span> <span class='ocrx_word' id='word_1_227' title='bbox 1529 3308 1625 3381; x_wconf 87' lang='lat' dir='ltr'><strong>sic,</strong></span> <span class='ocrx_word' id='word_1_228' title='bbox 1665 3313 1730 3364; x_wconf 89' lang='lat' dir='ltr'><strong>ut</strong></span> <span class='ocrx_word' id='word_1_229' title='bbox 1757 3324 1943 3364; x_wconf 88' lang='lat' dir='ltr'><strong>aseen-</strong></span> 
     </span>
     <span class='ocr_line' id='line_1_36' title="bbox 465 3395 1942 3469; baseline -0.003 -13"><span class='ocrx_word' id='word_1_230' title='bbox 465 3399 601 3456; x_wconf 80' lang='lat' dir='ltr'><strong>dens</strong></span> <span class='ocrx_word' id='word_1_231' title='bbox 641 3397 702 3453; x_wconf 90' lang='lat' dir='ltr'><strong>in</strong></span> <span class='ocrx_word' id='word_1_232' title='bbox 739 3412 869 3453; x_wconf 86' lang='lat' dir='ltr'><strong>casu</strong></span> <span class='ocrx_word' id='word_1_233' title='bbox 905 3396 1151 3469; x_wconf 89' lang='lat' dir='ltr'><strong>obliquo,</strong></span> <span class='ocrx_word' id='word_1_234' title='bbox 1181 3397 1508 3453; x_wconf 89' lang='lat' dir='ltr'><strong>descendeus</strong></span> <span class='ocrx_word' id='word_1_235' title='bbox 1535 3395 1598 3451; x_wconf 89' lang='lat' dir='ltr'><strong>in</strong></span> <span class='ocrx_word' id='word_1_236' title='bbox 1635 3412 1762 3451; x_wconf 86' lang='lat' dir='ltr'><strong>casu</strong></span> <span class='ocrx_word' id='word_1_237' title='bbox 1789 3401 1942 3453; x_wconf 89' lang='lat' dir='ltr'><strong>recto</strong></span> 
     </span>
     <span class='ocr_line' id='line_1_37' title="bbox 465 3484 1940 3559; baseline -0.003 -14"><span class='ocrx_word' id='word_1_238' title='bbox 465 3486 884 3559; x_wconf 78' lang='lat' dir='ltr'><strong>coniungantur,</strong></span> <span class='ocrx_word' id='word_1_239' title='bbox 937 3502 991 3541; x_wconf 81' lang='lat' dir='ltr'><strong>v.</strong></span> <span class='ocrx_word' id='word_1_240' title='bbox 1031 3503 1082 3557; x_wconf 87' lang='lat' dir='ltr'><strong>g.</strong></span> <span class='ocrx_word' id='word_1_241' title='bbox 1122 3486 1316 3558; x_wconf 68' lang='lat' dir='ltr'><strong>stater,</strong></span> <span class='ocrx_word' id='word_1_242' title='bbox 1362 3486 1422 3541; x_wconf 92' lang='lat' dir='ltr'><strong>id</strong></span> <span class='ocrx_word' id='word_1_243' title='bbox 1449 3488 1534 3542; x_wconf 85' lang='lat' dir='ltr'><strong>est</strong></span> <span class='ocrx_word' id='word_1_244' title='bbox 1569 3484 1741 3559; x_wconf 82' lang='lat' dir='ltr'><strong>patris</strong></span> <span class='ocrx_word' id='word_1_245' title='bbox 1781 3484 1940 3541; x_wconf 71' lang='lat' dir='ltr'><strong>filius</strong></span> 
     </span>
     <span class='ocr_line' id='line_1_38' title="bbox 465 3572 1943 3648; baseline -0.002 -16"><span class='ocrx_word' id='word_1_246' title='bbox 465 3576 546 3632; x_wconf 84' lang='lat' dir='ltr'><strong>At</strong></span> <span class='ocrx_word' id='word_1_247' title='bbox 583 3575 668 3631; x_wconf 88' lang='lat' dir='ltr'><strong>si</strong></span> <span class='ocrx_word' id='word_1_248' title='bbox 683 3578 893 3648; x_wconf 84' lang='lat' dir='ltr'><strong>contra,</strong></span> <span class='ocrx_word' id='word_1_249' title='bbox 932 3572 1137 3631; x_wconf 84' lang='lat' dir='ltr'><strong>redibit</strong></span> <span class='ocrx_word' id='word_1_250' title='bbox 1184 3590 1416 3647; x_wconf 75' lang='lat' dir='ltr'><strong>pomona</strong></span> <span class='ocrx_word' id='word_1_251' title='bbox 1451 3574 1610 3646; x_wconf 84' lang='lat' dir='ltr'><strong>data,</strong></span> <span class='ocrx_word' id='word_1_252' title='bbox 1663 3588 1798 3629; x_wconf 87' lang='lat' dir='ltr'><strong>nam</strong></span> <span class='ocrx_word' id='word_1_253' title='bbox 1843 3574 1943 3646; x_wconf 89' lang='lat' dir='ltr'><strong>qui</strong></span> 
     </span>
     <span class='ocr_line' id='line_1_39' title="bbox 363 3661 1941 3739; baseline -0.002 -19"><span class='ocrx_word' id='word_1_254' title='bbox 363 3665 447 3721; x_wconf 85' lang='lat'><strong>23</strong></span> <span class='ocrx_word' id='word_1_255' title='bbox 465 3668 680 3739; x_wconf 84' lang='lat' dir='ltr'><strong>patrem</strong></span> <span class='ocrx_word' id='word_1_256' title='bbox 740 3662 840 3718; x_wconf 85' lang='lat' dir='ltr'><strong>filii</strong></span> <span class='ocrx_word' id='word_1_257' title='bbox 893 3661 980 3718; x_wconf 90' lang='lat' dir='ltr'><strong>sui</strong></span> <span class='ocrx_word' id='word_1_258' title='bbox 1035 3662 1288 3719; x_wconf 86' lang='lat' dir='ltr'><strong>nominat</strong></span> <span class='ocrx_word' id='word_1_259' title='bbox 1333 3679 1393 3719; x_wconf 88' lang='lat' dir='ltr'><strong>se</strong></span> <span class='ocrx_word' id='word_1_260' title='bbox 1449 3661 1716 3719; x_wconf 87' lang='lat' dir='ltr'><strong>nominat.</strong></span> <span class='ocrx_word' id='word_1_261' title='bbox 1795 3661 1941 3727; x_wconf 85' lang='lat' dir='ltr'><strong>Quia</strong></span> 
     </span>
     <span class='ocr_line' id='line_1_40' title="bbox 463 3750 1943 3851; baseline -0.003 -40"><span class='ocrx_word' id='word_1_262' title='bbox 463 3768 606 3811; x_wconf 88' lang='lat' dir='ltr'><strong>unus</strong></span> <span class='ocrx_word' id='word_1_263' title='bbox 631 3754 789 3826; x_wconf 87' lang='lat' dir='ltr'><strong>pater</strong></span> <span class='ocrx_word' id='word_1_264' title='bbox 815 3750 998 3851; x_wconf 79' lang='lat' dir='ltr'><strong>plures</strong></span> <span class='ocrx_word' id='word_1_265' title='bbox 1023 3750 1166 3807; x_wconf 85' lang='lat' dir='ltr'><strong>filios</strong></span> <span class='ocrx_word' id='word_1_266' title='bbox 1192 3750 1392 3807; x_wconf 83' lang='lat' dir='ltr'><strong>habere</strong></span> <span class='ocrx_word' id='word_1_267' title='bbox 1429 3754 1626 3826; x_wconf 87' lang='lat' dir='ltr'><strong>potest,</strong></span> <span class='ocrx_word' id='word_1_268' title='bbox 1669 3766 1784 3807; x_wconf 90' lang='lat' dir='ltr'><strong>non</strong></span> <span class='ocrx_word' id='word_1_269' title='bbox 1810 3766 1943 3808; x_wconf 90' lang='lat' dir='ltr'><strong>con-</strong></span> 
     </span>
     <span class='ocr_line' id='line_1_41' title="bbox 462 3838 1939 3913; baseline -0.003 -14"><span class='ocrx_word' id='word_1_270' title='bbox 462 3846 566 3899; x_wconf 84' lang='lat' dir='ltr'><strong>tra.</strong></span> <span class='ocrx_word' id='word_1_271' title='bbox 631 3841 722 3898; x_wconf 86' lang='lat' dir='ltr'><strong>Ex</strong></span> <span class='ocrx_word' id='word_1_272' title='bbox 756 3838 842 3897; x_wconf 82' lang='lat' dir='ltr'><strong>his</strong></span> <span class='ocrx_word' id='word_1_273' title='bbox 872 3838 998 3909; x_wconf 85' lang='lat' dir='ltr'><strong>jam</strong></span> <span class='ocrx_word' id='word_1_274' title='bbox 1035 3840 1198 3896; x_wconf 88' lang='lat' dir='ltr'><strong>datur</strong></span> <span class='ocrx_word' id='word_1_275' title='bbox 1231 3839 1596 3913; x_wconf 89' lang='lat' dir='ltr'><strong>proposito</strong></span> <span class='ocrx_word' id='word_1_276' title='bbox 1635 3854 1939 3911; x_wconf 87' lang='lat' dir='ltr'><strong>quocun-</strong></span> 
     </span>
     <span class='ocr_line' id='line_1_42' title="bbox 461 3927 1943 4004; baseline -0.003 -17"><span class='ocrx_word' id='word_1_277' title='bbox 461 3946 592 4004; x_wconf 89' lang='lat' dir='ltr'><strong>que</strong></span> <span class='ocrx_word' id='word_1_278' title='bbox 619 3928 832 4002; x_wconf 80' lang='lat' dir='ltr'><strong>gradu</strong></span> <span class='ocrx_word' id='word_1_279' title='bbox 861 3927 1354 4001; x_wconf 84' lang='lat' dir='ltr'><strong>cognationum</strong></span> <span class='ocrx_word' id='word_1_280' title='bbox 1381 3930 1520 3983; x_wconf 90' lang='lat' dir='ltr'><strong>tum</strong></span> <span class='ocrx_word' id='word_1_281' title='bbox 1547 3944 1943 4001; x_wconf 79' lang='lat' dir='ltr'><strong>numerum,</strong></span> 
     </span>
     <span class='ocr_line' id='line_1_43' title="bbox 462 4016 1938 4092; baseline -0.001 -17"><span class='ocrx_word' id='word_1_282' title='bbox 462 4024 606 4075; x_wconf 86' lang='lat' dir='ltr'><strong>tum</strong></span> <span class='ocrx_word' id='word_1_283' title='bbox 629 4016 900 4091; x_wconf 86' lang='lat' dir='ltr'><strong>species</strong></span> <span class='ocrx_word' id='word_1_284' title='bbox 925 4016 1264 4092; x_wconf 75' lang='lat' dir='ltr'><strong>reperire:</strong></span> <span class='ocrx_word' id='word_1_285' title='bbox 1303 4032 1628 4073; x_wconf 88' lang='lat' dir='ltr'><strong>numerus</strong></span> <span class='ocrx_word' id='word_1_286' title='bbox 1663 4021 1938 4073; x_wconf 82' lang='lat' dir='ltr'><strong>transver-</strong></span> 
     </span>
     <span class='ocr_line' id='line_1_44' title="bbox 460 4102 1937 4179; baseline 0 -16"><span class='ocrx_word' id='word_1_287' title='bbox 460 4106 661 4163; x_wconf 85' lang='lat' dir='ltr'><strong>salium</strong></span> <span class='ocrx_word' id='word_1_288' title='bbox 686 4120 901 4177; x_wconf 86' lang='lat' dir='ltr'><strong>semper</strong></span> <span class='ocrx_word' id='word_1_289' title='bbox 925 4103 1034 4160; x_wconf 88' lang='lat' dir='ltr'><strong>erit</strong></span> <span class='ocrx_word' id='word_1_290' title='bbox 1058 4104 1270 4161; x_wconf 86' lang='lat' dir='ltr'><strong>unitate</strong></span> <span class='ocrx_word' id='word_1_291' title='bbox 1296 4104 1480 4163; x_wconf 89' lang='lat' dir='ltr'><strong>minor</strong></span> <span class='ocrx_word' id='word_1_292' title='bbox 1499 4105 1689 4179; x_wconf 81' lang='lat' dir='ltr'><strong>gradu,</strong></span> <span class='ocrx_word' id='word_1_293' title='bbox 1715 4102 1937 4179; x_wconf 90' lang='lat' dir='ltr'><strong>(nume-</strong></span> 
     </span>
     <span class='ocr_line' id='line_1_45' title="bbox 459 4192 1935 4267; baseline -0.001 -16"><span class='ocrx_word' id='word_1_294' title='bbox 459 4211 575 4251; x_wconf 78' lang='lat' dir='ltr'><strong>rus</strong></span> <span class='ocrx_word' id='word_1_295' title='bbox 592 4193 842 4251; x_wconf 87' lang='lat' dir='ltr'><strong>omnium</strong></span> <span class='ocrx_word' id='word_1_296' title='bbox 878 4208 1094 4266; x_wconf 82' lang='lat' dir='ltr'><strong>semper</strong></span> <span class='ocrx_word' id='word_1_297' title='bbox 1131 4193 1344 4251; x_wconf 86' lang='lat' dir='ltr'><strong>unitate</strong></span> <span class='ocrx_word' id='word_1_298' title='bbox 1381 4192 1588 4267; x_wconf 82' lang='lat' dir='ltr'><strong>major,</strong></span> <span class='ocrx_word' id='word_1_299' title='bbox 1631 4194 1763 4267; x_wconf 86' lang='lat' dir='ltr'><strong>quia</strong></span> <span class='ocrx_word' id='word_1_300' title='bbox 1802 4194 1935 4250; x_wconf 88' lang='lat' dir='ltr'><strong>addi</strong></span> 
     </span>
     <span class='ocr_line' id='line_1_46' title="bbox 461 4280 1934 4357; baseline -0.001 -17"><span class='ocrx_word' id='word_1_301' title='bbox 461 4284 664 4340; x_wconf 90' lang='lat' dir='ltr'><strong>debent</strong></span> <span class='ocrx_word' id='word_1_302' title='bbox 691 4281 832 4338; x_wconf 82' lang='lat' dir='ltr'><strong>duae</strong></span> <span class='ocrx_word' id='word_1_303' title='bbox 858 4280 1209 4353; x_wconf 60' lang='lat' dir='ltr'><strong>cognationes</strong></span> <span class='ocrx_word' id='word_1_304' title='bbox 1236 4281 1416 4339; x_wconf 88' lang='lat' dir='ltr'><strong>lineae</strong></span> <span class='ocrx_word' id='word_1_305' title='bbox 1440 4287 1637 4357; x_wconf 78' lang='lat' dir='ltr'><strong>rectae,</strong></span> <span class='ocrx_word' id='word_1_306' title='bbox 1676 4298 1789 4339; x_wconf 89' lang='lat' dir='ltr'><strong>una</strong></span> <span class='ocrx_word' id='word_1_307' title='bbox 1815 4298 1934 4339; x_wconf 89' lang='lat' dir='ltr'><strong>sur-</strong></span> 
     </span>
     <span class='ocr_line' id='line_1_47' title="bbox 458 4368 1934 4443; baseline -0.001 -14"><span class='ocrx_word' id='word_1_308' title='bbox 458 4387 599 4443; x_wconf 88' lang='lat' dir='ltr'><strong>sum,</strong></span> <span class='ocrx_word' id='word_1_309' title='bbox 629 4370 804 4427; x_wconf 84' lang='lat' dir='ltr'><strong>altera</strong></span> <span class='ocrx_word' id='word_1_310' title='bbox 842 4370 1129 4442; x_wconf 82' lang='lat' dir='ltr'><strong>deorsum)</strong></span> <span class='ocrx_word' id='word_1_311' title='bbox 1155 4368 1313 4439; x_wconf 81' lang='lat' dir='ltr'><strong>cuius</strong></span> <span class='ocrx_word' id='word_1_312' title='bbox 1342 4371 1485 4428; x_wconf 85' lang='lat' dir='ltr'><strong>ratio</strong></span> <span class='ocrx_word' id='word_1_313' title='bbox 1514 4388 1588 4428; x_wconf 83' lang='lat' dir='ltr'><strong>ex</strong></span> <span class='ocrx_word' id='word_1_314' title='bbox 1613 4370 1934 4429; x_wconf 81' lang='lat' dir='ltr'><strong>inventione</strong></span> 
     </span>
     <span class='ocr_line' id='line_1_48' title="bbox 459 4458 1935 4535; baseline -0.001 -18"><span class='ocrx_word' id='word_1_315' title='bbox 459 4459 848 4535; x_wconf 82' lang='lat' dir='ltr'><strong>specierum</strong></span> <span class='ocrx_word' id='word_1_316' title='bbox 875 4458 1102 4531; x_wconf 84' lang='lat' dir='ltr'><strong>patebit.</strong></span> <span class='ocrx_word' id='word_1_317' title='bbox 1153 4458 1337 4516; x_wconf 80' lang='lat' dir='ltr'><strong>-Nam</strong></span> <span class='ocrx_word' id='word_1_318' title='bbox 1361 4460 1780 4517; x_wconf 87' lang='lat' dir='ltr'><strong>com2nationes</strong></span> <span class='ocrx_word' id='word_1_319' title='bbox 1807 4476 1935 4534; x_wconf 85' lang='lat' dir='ltr'><strong>par-</strong></span> 
     </span>
     <span class='ocr_line' id='line_1_49' title="bbox 466 4538 1933 4625; baseline 0.001 -23"><span class='ocrx_word' id='word_1_320' title='bbox 466 4549 665 4621; x_wconf 77' lang='lat' dir='ltr'><strong>.tium,</strong></span> <span class='ocrx_word' id='word_1_321' title='bbox 706 4541 836 4609; x_wconf 74' lang='lat' dir='ltr'><strong>obet</strong></span> <span class='ocrx_word' id='word_1_322' title='bbox 865 4538 1266 4625; x_wconf 64' lang='lat' dir='ltr'><strong>Rerfdliungen</strong></span> <span class='ocrx_word' id='word_1_323' title='bbox 1315 4544 1376 4607; x_wconf 83' lang='lat' dir='ltr'><strong>in</strong></span> <span class='ocrx_word' id='word_1_324' title='bbox 1409 4542 1542 4620; x_wconf 63' lang='lat' dir='ltr'><strong>amet</strong></span> <span class='ocrx_word' id='word_1_325' title='bbox 1571 4540 1786 4623; x_wconf 59' lang='lat' dir='ltr'><strong>zecue,</strong></span> <span class='ocrx_word' id='word_1_326' title='bbox 1813 4548 1933 4605; x_wconf 77' lang='lat' dir='ltr'><strong>dati</strong></span> 
     </span>
     <span class='ocr_line' id='line_1_50' title="bbox 466 4635 1931 4710; baseline 0.004 -21"><span class='ocrx_word' id='word_1_327' title='bbox 466 4637 717 4695; x_wconf 76' lang='lat' dir='ltr'><strong>..numeri</strong></span> <span class='ocrx_word' id='word_1_328' title='bbox 751 4635 1118 4710; x_wconf 68' lang='lat' dir='ltr'><strong>cnjuscunque</strong></span> <span class='ocrx_word' id='word_1_329' title='bbox 1144 4642 1276 4693; x_wconf 88' lang='lat' dir='ltr'><strong>sunt</strong></span> <span class='ocrx_word' id='word_1_330' title='bbox 1301 4641 1386 4693; x_wconf 80' lang='lat' dir='ltr'><strong>tot</strong></span> <span class='ocrx_word' id='word_1_331' title='bbox 1411 4640 1547 4708; x_wconf 90' lang='lat' dir='ltr'><strong>quot</strong></span> <span class='ocrx_word' id='word_1_332' title='bbox 1575 4638 1811 4693; x_wconf 83' lang='lat' dir='ltr'><strong>unitates</strong></span> <span class='ocrx_word' id='word_1_333' title='bbox 1836 4638 1931 4695; x_wconf 83' lang='lat' dir='ltr'><strong>ha-</strong></span> 
     </span>
     <span class='ocr_line' id='line_1_51' title="bbox 467 4724 1929 4801; baseline -0.001 -17"><span class='ocrx_word' id='word_1_334' title='bbox 467 4727 599 4784; x_wconf 83' lang='lat' dir='ltr'><strong>-bet</strong></span> <span class='ocrx_word' id='word_1_335' title='bbox 652 4725 870 4783; x_wconf 82' lang='lat' dir='ltr'><strong>numeri</strong></span> <span class='ocrx_word' id='word_1_336' title='bbox 934 4724 1052 4783; x_wconf 85' lang='lat' dir='ltr'><strong>dati</strong></span> <span class='ocrx_word' id='word_1_337' title='bbox 1109 4726 1258 4799; x_wconf 82' lang='lat' dir='ltr'><strong>paris</strong></span> <span class='ocrx_word' id='word_1_338' title='bbox 1314 4724 1636 4799; x_wconf 90' lang='lat' dir='ltr'><strong>dimidium,</strong></span> <span class='ocrx_word' id='word_1_339' title='bbox 1704 4724 1929 4801; x_wconf 84' lang='lat' dir='ltr'><strong>imparis</strong></span> 
     </span>
     <span class='ocr_line' id='line_1_52' title="bbox 463 4813 1928 4887; baseline 0.003 -20"><span class='ocrx_word' id='word_1_340' title='bbox 463 4816 687 4875; x_wconf 68' lang='lat' dir='ltr'><strong>»demta</strong></span> <span class='ocrx_word' id='word_1_341' title='bbox 723 4814 939 4871; x_wconf 83' lang='lat' dir='ltr'><strong>unitate</strong></span> <span class='ocrx_word' id='word_1_342' title='bbox 976 4814 1286 4871; x_wconf 88' lang='lat' dir='ltr'><strong>dimidium.</strong></span> <span class='ocrx_word' id='word_1_343' title='bbox 1323 4830 1376 4870; x_wconf 83' lang='lat' dir='ltr'><strong>v.</strong></span> <span class='ocrx_word' id='word_1_344' title='bbox 1419 4832 1472 4887; x_wconf 89' lang='lat' dir='ltr'><strong>g.</strong></span> <span class='ocrx_word' id='word_1_345' title='bbox 1516 4813 1573 4869; x_wconf 87' lang='grc'><strong>6.</strong></span> <span class='ocrx_word' id='word_1_346' title='bbox 1601 4814 1768 4871; x_wconf 87' lang='lat' dir='ltr'><strong>habet</strong></span> <span class='ocrx_word' id='word_1_347' title='bbox 1803 4815 1928 4871; x_wconf 82' lang='lat' dir='ltr'><strong>has·</strong></span> 
     </span>
     <span class='ocr_line' id='line_1_53' title="bbox 463 4900 1931 4979; baseline 0.002 -23"><span class='ocrx_word' id='word_1_348' title='bbox 463 4908 563 4979; x_wconf 76' lang='grc'><strong>-5,</strong></span> <span class='ocrx_word' id='word_1_349' title='bbox 601 4907 655 4963; x_wconf 91' lang='lat'><strong>1.</strong></span> <span class='ocrx_word' id='word_1_350' title='bbox 687 4905 747 4978; x_wconf 81' lang='lat'><strong>4,</strong></span> <span class='ocrx_word' id='word_1_351' title='bbox 782 4905 839 4959; x_wconf 85' lang='lat'><strong>2.</strong></span> <span class='ocrx_word' id='word_1_352' title='bbox 871 4904 932 4977; x_wconf 82' lang='lat'><strong>3,</strong></span> <span class='ocrx_word' id='word_1_353' title='bbox 977 4904 1034 4959; x_wconf 89' lang='grc'><strong>3.</strong></span> <span class='ocrx_word' id='word_1_354' title='bbox 1073 4900 1300 4977; x_wconf 78' lang='lat' dir='ltr'><strong>ejusque</strong></span> <span class='ocrx_word' id='word_1_355' title='bbox 1335 4903 1420 4960; x_wconf 84' lang='lat' dir='ltr'><strong>rei</strong></span> <span class='ocrx_word' id='word_1_356' title='bbox 1455 4902 1602 4959; x_wconf 85' lang='lat' dir='ltr'><strong>ratio</strong></span> <span class='ocrx_word' id='word_1_357' title='bbox 1639 4903 1931 4959; x_wconf 82' lang='lat' dir='ltr'><strong>manifesta</strong></span> 
     </span>
     <span class='ocr_line' id='line_1_54' title="bbox 462 4991 1931 5067; baseline 0.001 -21"><span class='ocrx_word' id='word_1_358' title='bbox 462 4999 599 5067; x_wconf 51' lang='grc' dir='ltr'><strong>..ως</strong></span> <span class='ocrx_word' id='word_1_359' title='bbox 626 4994 760 5067; x_wconf 85' lang='lat' dir='ltr'><strong>quia</strong></span> <span class='ocrx_word' id='word_1_360' title='bbox 783 5008 999 5065; x_wconf 87' lang='lat' dir='ltr'><strong>semper</strong></span> <span class='ocrx_word' id='word_1_361' title='bbox 1023 5008 1283 5049; x_wconf 88' lang='lat' dir='ltr'><strong>numerus</strong></span> <span class='ocrx_word' id='word_1_362' title='bbox 1301 4992 1626 5050; x_wconf 86' lang='lat' dir='ltr'><strong>antecedens</strong></span> <span class='ocrx_word' id='word_1_363' title='bbox 1645 4991 1931 5065; x_wconf 84' lang='lat' dir='ltr'><strong>proximus</strong></span> 
     </span>
     <span class='ocr_line' id='line_1_55' title="bbox 461 5079 1930 5156; baseline 0.002 -22"><span class='ocrx_word' id='word_1_364' title='bbox 461 5084 632 5142; x_wconf 76' lang='lat' dir='ltr'><strong>..dato</strong></span> <span class='ocrx_word' id='word_1_365' title='bbox 667 5096 794 5137; x_wconf 86' lang='lat' dir='ltr'><strong>cum</strong></span> <span class='ocrx_word' id='word_1_366' title='bbox 833 5080 1227 5154; x_wconf 85' lang='lat' dir='ltr'><strong>remotissimo,</strong></span> <span class='ocrx_word' id='word_1_367' title='bbox 1269 5098 1444 5155; x_wconf 84' lang='lat' dir='ltr'><strong>paene</strong></span> <span class='ocrx_word' id='word_1_368' title='bbox 1480 5079 1767 5156; x_wconf 80' lang='lat' dir='ltr'><strong>proximus</strong></span> <span class='ocrx_word' id='word_1_369' title='bbox 1803 5096 1930 5137; x_wconf 89' lang='lat' dir='ltr'><strong>cum</strong></span> 
     </span>
     <span class='ocr_line' id='line_1_56' title="bbox 460 5168 1931 5247; baseline 0.003 -22"><span class='ocrx_word' id='word_1_370' title='bbox 460 5187 670 5247; x_wconf 78' lang='lat' dir='ltr'><strong>·paene</strong></span> <span class='ocrx_word' id='word_1_371' title='bbox 695 5168 1062 5229; x_wconf 84' lang='lat' dir='ltr'><strong>remotissimo</strong></span> <span class='ocrx_word' id='word_1_372' title='bbox 1079 5168 1454 5247; x_wconf 85' lang='lat' dir='ltr'><strong>complicatur,</strong></span> <span class='ocrx_word' id='word_1_373' title='bbox 1477 5174 1616 5229; x_wconf 74' lang='lat' dir='ltr'><strong>etc·</strong></span> <span class='ocrx_word' id='word_1_374' title='bbox 1676 5169 1782 5228; x_wconf 92' lang='lat' dir='ltr'><strong>Sed</strong></span> <span class='ocrx_word' id='word_1_375' title='bbox 1801 5186 1931 5229; x_wconf 88' lang='lat' dir='ltr'><strong>cum</strong></span> 
     </span>
    </p>
   </div>
   <div class='ocr_carea' id='block_1_5' title="bbox 2026 553 3633 5159">
    <p class='ocr_par' dir='ltr' id='par_1_5' title="bbox 2026 553 3633 5159">
     <span class='ocr_line' id='line_1_57' title="bbox 2046 553 3521 628; baseline -0.001 -16"><span class='ocrx_word' id='word_1_376' title='bbox 2046 554 2230 612; x_wconf 83' lang='lat' dir='ltr'><strong>benda</strong></span> <span class='ocrx_word' id='word_1_377' title='bbox 2266 554 2413 612; x_wconf 84' lang='lat' dir='ltr'><strong>ratio</strong></span> <span class='ocrx_word' id='word_1_378' title='bbox 2454 553 2555 628; x_wconf 83' lang='lat' dir='ltr'><strong>sit,</strong></span> <span class='ocrx_word' id='word_1_379' title='bbox 2606 571 2662 609; x_wconf 81' lang='lat' dir='ltr'><strong>v.</strong></span> <span class='ocrx_word' id='word_1_380' title='bbox 2700 572 2752 627; x_wconf 86' lang='lat' dir='ltr'><strong>g.</strong></span> <span class='ocrx_word' id='word_1_381' title='bbox 2790 553 2903 612; x_wconf 83' lang='lat' dir='ltr'><strong>alia</strong></span> <span class='ocrx_word' id='word_1_382' title='bbox 2936 553 3195 627; x_wconf 61' lang='lat' dir='ltr'><strong>cogitatio</strong></span> <span class='ocrx_word' id='word_1_383' title='bbox 3230 559 3317 612; x_wconf 85' lang='lat' dir='ltr'><strong>est</strong></span> <span class='ocrx_word' id='word_1_384' title='bbox 3354 557 3415 628; x_wconf 88' lang='lat'><strong>5,</strong></span> <span class='ocrx_word' id='word_1_385' title='bbox 3464 555 3521 612; x_wconf 92' lang='lat' dir='ltr'><strong>l.</strong></span> 
     </span>
     <span class='ocr_line' id='line_1_58' title="bbox 2045 637 3525 718; baseline 0.001 -18"><span class='ocrx_word' id='word_1_386' title='bbox 2045 659 2245 718; x_wconf 86' lang='lat' dir='ltr'><strong>nempe</strong></span> <span class='ocrx_word' id='word_1_387' title='bbox 2272 637 2571 716; x_wconf 78' lang='lat' dir='ltr'><strong>Abpatrui,</strong></span> <span class='ocrx_word' id='word_1_388' title='bbox 2600 658 2768 716; x_wconf 78' lang='lat' dir='ltr'><strong>quem</strong></span> <span class='ocrx_word' id='word_1_389' title='bbox 2814 642 2865 699; x_wconf 90' lang='lat'><strong>1.</strong></span> <span class='ocrx_word' id='word_1_390' title='bbox 2899 643 2957 698; x_wconf 89' lang='lat'><strong>5.</strong></span> <span class='ocrx_word' id='word_1_391' title='bbox 2996 659 3197 717; x_wconf 79' lang='lat' dir='ltr'><strong>nempe</strong></span> <span class='ocrx_word' id='word_1_392' title='bbox 3228 644 3525 717; x_wconf 76' lang='lat' dir='ltr'><strong>abpatrue-</strong></span> 
     </span>
     <span class='ocr_line' id='line_1_59' title="bbox 2044 729 3521 806; baseline -0.001 -16"><span class='ocrx_word' id='word_1_393' title='bbox 2044 732 2133 806; x_wconf 81' lang='lat' dir='ltr'><strong>lis,</strong></span> <span class='ocrx_word' id='word_1_394' title='bbox 2172 731 2300 790; x_wconf 80' lang='lat' dir='ltr'><strong>hine</strong></span> <span class='ocrx_word' id='word_1_395' title='bbox 2338 747 2467 788; x_wconf 87' lang='lat' dir='ltr'><strong>eum</strong></span> <span class='ocrx_word' id='word_1_396' title='bbox 2508 729 2566 786; x_wconf 90' lang='lat'><strong>2.</strong></span> <span class='ocrx_word' id='word_1_397' title='bbox 2604 747 2695 788; x_wconf 89' lang='lat' dir='ltr'><strong>res</strong></span> <span class='ocrx_word' id='word_1_398' title='bbox 2738 731 2909 788; x_wconf 86' lang='lat' dir='ltr'><strong>situm</strong></span> <span class='ocrx_word' id='word_1_399' title='bbox 2956 732 3173 790; x_wconf 75' lang='lat' dir='ltr'><strong>varient</strong></span> <span class='ocrx_word' id='word_1_400' title='bbox 3211 732 3247 786; x_wconf 86' lang='lat'><strong>2</strong></span> <span class='ocrx_word' id='word_1_401' title='bbox 3288 733 3521 790; x_wconf 82' lang='lat' dir='ltr'><strong>vicibus.</strong></span> 
     </span>
     <span class='ocr_line' id='line_1_60' title="bbox 2045 819 3521 894; baseline 0 -16"><span class='ocrx_word' id='word_1_402' title='bbox 2045 821 2191 894; x_wconf 84' lang='lat' dir='ltr'><strong>Ergo</strong></span> <span class='ocrx_word' id='word_1_403' title='bbox 2220 819 2564 893; x_wconf 86' lang='lat' dir='ltr'><strong>duplicentur</strong></span> <span class='ocrx_word' id='word_1_404' title='bbox 2590 819 2997 894; x_wconf 85' lang='lat' dir='ltr'><strong>discerptiones,</strong></span> <span class='ocrx_word' id='word_1_405' title='bbox 3026 820 3232 880; x_wconf 84' lang='lat' dir='ltr'><strong>redibit</strong></span> <span class='ocrx_word' id='word_1_406' title='bbox 3258 837 3521 878; x_wconf 82' lang='lat' dir='ltr'><strong>numerus</strong></span> 
     </span>
     <span class='ocr_line' id='line_1_61' title="bbox 2044 907 3523 984; baseline 0.001 -17"><span class='ocrx_word' id='word_1_407' title='bbox 2044 909 2644 982; x_wconf 75' lang='lat' dir='ltr'><strong>datussipa&#39;rfuerat3</strong></span> <span class='ocrx_word' id='word_1_408' title='bbox 2682 909 3021 968; x_wconf 87' lang='lat' dir='ltr'><strong>sedcumin</strong></span> <span class='ocrx_word' id='word_1_409' title='bbox 3056 907 3523 984; x_wconf 77' lang='lat' dir='ltr'><strong>ejusdiscerptio-</strong></span> 
     </span>
     <span class='ocr_line' id='line_1_62' title="bbox 2042 997 3524 1072; baseline 0.001 -18"><span class='ocrx_word' id='word_1_410' title='bbox 2042 999 2209 1056; x_wconf 89' lang='lat' dir='ltr'><strong>nibus</strong></span> <span class='ocrx_word' id='word_1_411' title='bbox 2234 997 2393 1054; x_wconf 89' lang='lat' dir='ltr'><strong>detur</strong></span> <span class='ocrx_word' id='word_1_412' title='bbox 2420 1013 2535 1054; x_wconf 87' lang='lat' dir='ltr'><strong>una</strong></span> <span class='ocrx_word' id='word_1_413' title='bbox 2558 997 2913 1072; x_wconf 83' lang='lat' dir='ltr'><strong>homogenes,</strong></span> <span class='ocrx_word' id='word_1_414' title='bbox 2955 1014 3008 1054; x_wconf 85' lang='lat' dir='ltr'><strong>v.</strong></span> <span class='ocrx_word' id='word_1_415' title='bbox 3036 1016 3089 1070; x_wconf 85' lang='grc'><strong>3.</strong></span> <span class='ocrx_word' id='word_1_416' title='bbox 3122 999 3180 1054; x_wconf 86' lang='grc'><strong>3.</strong></span> <span class='ocrx_word' id='word_1_417' title='bbox 3212 999 3271 1054; x_wconf 85' lang='grc'><strong>3.</strong></span> <span class='ocrx_word' id='word_1_418' title='bbox 3308 999 3373 1056; x_wconf 88' lang='lat' dir='ltr'><strong>in</strong></span> <span class='ocrx_word' id='word_1_419' title='bbox 3408 1015 3524 1072; x_wconf 75' lang='lat' dir='ltr'><strong>qua</strong></span> 
     </span>
     <span class='ocr_line' id='line_1_63' title="bbox 2042 1084 3523 1166; baseline 0.001 -22"><span class='ocrx_word' id='word_1_420' title='bbox 2042 1087 2183 1144; x_wconf 86' lang='lat' dir='ltr'><strong>nihil</strong></span> <span class='ocrx_word' id='word_1_421' title='bbox 2210 1085 2499 1160; x_wconf 86' lang='lat' dir='ltr'><strong>dispositio</strong></span> <span class='ocrx_word' id='word_1_422' title='bbox 2526 1089 2722 1166; x_wconf 78' lang='lat' dir='ltr'><strong>mutat,</strong></span> <span class='ocrx_word' id='word_1_423' title='bbox 2760 1084 2889 1142; x_wconf 86' lang='lat' dir='ltr'><strong>binc</strong></span> <span class='ocrx_word' id='word_1_424' title='bbox 2924 1087 3275 1144; x_wconf 81' lang='lat' dir='ltr'><strong>subtrabatur</strong></span> <span class='ocrx_word' id='word_1_425' title='bbox 3310 1088 3381 1146; x_wconf 90' lang='lat' dir='ltr'><strong>de</strong></span> <span class='ocrx_word' id='word_1_426' title='bbox 3418 1103 3523 1146; x_wconf 79' lang='lat' dir='ltr'><strong>un-</strong></span> 
     </span>
     <span class='ocr_line' id='line_1_64' title="bbox 2044 1173 3521 1249; baseline 0.001 -17"><span class='ocrx_word' id='word_1_427' title='bbox 2044 1192 2199 1232; x_wconf 89' lang='lat' dir='ltr'><strong>mero</strong></span> <span class='ocrx_word' id='word_1_428' title='bbox 2236 1176 2399 1248; x_wconf 83' lang='lat' dir='ltr'><strong>dato,</strong></span> <span class='ocrx_word' id='word_1_429' title='bbox 2437 1191 2535 1232; x_wconf 88' lang='lat' dir='ltr'><strong>seu</strong></span> <span class='ocrx_word' id='word_1_430' title='bbox 2572 1174 2743 1248; x_wconf 82' lang='lat' dir='ltr'><strong>duplo</strong></span> <span class='ocrx_word' id='word_1_431' title='bbox 2780 1173 3205 1248; x_wconf 77' lang='lat' dir='ltr'><strong>discerptionum</strong></span> <span class='ocrx_word' id='word_1_432' title='bbox 3218 1215 3235 1249; x_wconf 92' lang='lat'><strong>,</strong></span> <span class='ocrx_word' id='word_1_433' title='bbox 3284 1176 3521 1234; x_wconf 81' lang='lat' dir='ltr'><strong>iterum.</strong></span> 
     </span>
     <span class='ocr_line' id='line_1_65' title="bbox 2050 1263 3525 1338; baseline -0.001 -15"><span class='ocrx_word' id='word_1_434' title='bbox 2050 1267 2105 1323; x_wconf 93' lang='lat' dir='ltr'><strong>l.</strong></span> <span class='ocrx_word' id='word_1_435' title='bbox 2134 1264 2183 1320; x_wconf 88' lang='lat' dir='ltr'><strong>si</strong></span> <span class='ocrx_word' id='word_1_436' title='bbox 2210 1281 2343 1322; x_wconf 79' lang='lat' dir='ltr'><strong>vero</strong></span> <span class='ocrx_word' id='word_1_437' title='bbox 2366 1279 2627 1322; x_wconf 85' lang='lat' dir='ltr'><strong>numerus</strong></span> <span class='ocrx_word' id='word_1_438' title='bbox 2656 1263 2816 1320; x_wconf 89' lang='lat' dir='ltr'><strong>datus</strong></span> <span class='ocrx_word' id='word_1_439' title='bbox 2854 1266 3032 1321; x_wconf 73' lang='lat' dir='ltr'><strong>fuerat</strong></span> <span class='ocrx_word' id='word_1_440' title='bbox 3068 1264 3275 1338; x_wconf 80' lang='lat' dir='ltr'><strong>impar,</strong></span> <span class='ocrx_word' id='word_1_441' title='bbox 3314 1265 3525 1324; x_wconf 85' lang='lat' dir='ltr'><strong>redibit</strong></span> 
     </span>
     <span class='ocr_line' id='line_1_66' title="bbox 2042 1352 3521 1412; baseline -0.001 -1"><span class='ocrx_word' id='word_1_442' title='bbox 2042 1369 2301 1411; x_wconf 80' lang='lat' dir='ltr'><strong>numerus</strong></span> <span class='ocrx_word' id='word_1_443' title='bbox 2350 1352 2561 1409; x_wconf 80' lang='lat' dir='ltr'><strong>unitate</strong></span> <span class='ocrx_word' id='word_1_444' title='bbox 2610 1353 2809 1410; x_wconf 88' lang='lat' dir='ltr'><strong>minor.</strong></span> <span class='ocrx_word' id='word_1_445' title='bbox 2874 1353 2965 1410; x_wconf 87' lang='lat' dir='ltr'><strong>Ex</strong></span> <span class='ocrx_word' id='word_1_446' title='bbox 3011 1354 3114 1410; x_wconf 85' lang='lat' dir='ltr'><strong>boc</strong></span> <span class='ocrx_word' id='word_1_447' title='bbox 3164 1355 3521 1412; x_wconf 72' lang='lat' dir='ltr'><strong>manifestum</strong></span> 
     </span>
     <span class='ocr_line' id='line_1_67' title="bbox 2042 1433 3625 1518; baseline 0.001 -18"><span class='ocrx_word' id='word_1_448' title='bbox 2042 1447 2130 1500; x_wconf 85' lang='lat' dir='ltr'><strong>est</strong></span> <span class='ocrx_word' id='word_1_449' title='bbox 2177 1441 2527 1514; x_wconf 84' lang='lat' dir='ltr'><strong>generaliter·</strong></span> <span class='ocrx_word' id='word_1_450' title='bbox 2558 1433 2672 1518; x_wconf 90' lang='lat'>(1).</span> <span class='ocrx_word' id='word_1_451' title='bbox 2758 1442 3121 1500; x_wconf 79' lang='lat' dir='ltr'><strong>Subtmhatm·</strong></span> <span class='ocrx_word' id='word_1_452' title='bbox 3166 1443 3239 1500; x_wconf 89' lang='lat' dir='ltr'><strong>de</strong></span> <span class='ocrx_word' id='word_1_453' title='bbox 3286 1433 3625 1502; x_wconf 68' lang='lat' dir='ltr'><strong>numeru24</strong></span> 
     </span>
     <span class='ocr_line' id='line_1_68' title="bbox 2043 1529 3522 1608; baseline 0.001 -20"><span class='ocrx_word' id='word_1_454' title='bbox 2043 1529 2243 1608; x_wconf 70' lang='lat' dir='ltr'><strong>gnidus</strong></span> <span class='ocrx_word' id='word_1_455' title='bbox 2280 1531 2481 1602; x_wconf 79' lang='lat' dir='ltr'><strong>unitas,</strong></span> <span class='ocrx_word' id='word_1_456' title='bbox 2518 1530 2847 1604; x_wconf 86' lang='lat' dir='ltr'><strong>productum</strong></span> <span class='ocrx_word' id='word_1_457' title='bbox 2882 1531 2991 1587; x_wconf 86' lang='lat' dir='ltr'><strong>erit</strong></span> <span class='ocrx_word' id='word_1_458' title='bbox 3026 1547 3285 1588; x_wconf 70' lang='lat' dir='ltr'><strong>numm-us</strong></span> <span class='ocrx_word' id='word_1_459' title='bbox 3318 1547 3522 1604; x_wconf 73' lang='lat' dir='ltr'><strong>cogna-</strong></span> 
     </span>
     <span class='ocr_line' id='line_1_69' title="bbox 2044 1619 3522 1695; baseline 0.001 -19"><span class='ocrx_word' id='word_1_460' title='bbox 2044 1621 2263 1678; x_wconf 85' lang='lat' dir='ltr'><strong>tionum</strong></span> <span class='ocrx_word' id='word_1_461' title='bbox 2304 1619 2766 1676; x_wconf 67' lang='lat' dir='ltr'><strong>transversalium.</strong></span> <span class='ocrx_word' id='word_1_462' title='bbox 2816 1619 2942 1693; x_wconf 88' lang='lat'><strong>(2.)</strong></span> <span class='ocrx_word' id='word_1_463' title='bbox 2996 1621 3107 1677; x_wconf 91' lang='lat' dir='ltr'><strong>duo</strong></span> <span class='ocrx_word' id='word_1_464' title='bbox 3154 1621 3371 1680; x_wconf 87' lang='lat' dir='ltr'><strong>numeri</strong></span> <span class='ocrx_word' id='word_1_465' title='bbox 3420 1620 3522 1695; x_wconf 90' lang='lat' dir='ltr'><strong>qui</strong></span> 
     </span>
     <span class='ocr_line' id='line_1_70' title="bbox 2044 1708 3521 1784; baseline 0.001 -18"><span class='ocrx_word' id='word_1_466' title='bbox 2044 1708 2155 1766; x_wconf 89' lang='lat' dir='ltr'><strong>sibi</strong></span> <span class='ocrx_word' id='word_1_467' title='bbox 2192 1713 2325 1766; x_wconf 89' lang='lat' dir='ltr'><strong>sunt</strong></span> <span class='ocrx_word' id='word_1_468' title='bbox 2356 1708 2761 1782; x_wconf 86' lang='lat' dir='ltr'><strong>complemento</strong></span> <span class='ocrx_word' id='word_1_469' title='bbox 2787 1709 2861 1768; x_wconf 85' lang='lat' dir='ltr'><strong>ad</strong></span> <span class='ocrx_word' id='word_1_470' title='bbox 2896 1709 3107 1783; x_wconf 83' lang='lat' dir='ltr'><strong>datum,</strong></span> <span class='ocrx_word' id='word_1_471' title='bbox 3146 1727 3244 1768; x_wconf 84' lang='lat' dir='ltr'><strong>seu</strong></span> <span class='ocrx_word' id='word_1_472' title='bbox 3279 1726 3521 1784; x_wconf 71' lang='lat' dir='ltr'><strong>quorum</strong></span> 
     </span>
     <span class='ocr_line' id='line_1_71' title="bbox 2046 1797 3521 1873; baseline 0.001 -17"><span class='ocrx_word' id='word_1_473' title='bbox 2046 1813 2188 1856; x_wconf 90' lang='lat' dir='ltr'><strong>uuus</strong></span> <span class='ocrx_word' id='word_1_474' title='bbox 2216 1801 2433 1854; x_wconf 83' lang='lat' dir='ltr'><strong>tantum</strong></span> <span class='ocrx_word' id='word_1_475' title='bbox 2458 1797 2629 1854; x_wconf 84' lang='lat' dir='ltr'><strong>distat</strong></span> <span class='ocrx_word' id='word_1_476' title='bbox 2654 1799 2727 1856; x_wconf 89' lang='lat' dir='ltr'><strong>ab</strong></span> <span class='ocrx_word' id='word_1_477' title='bbox 2764 1798 2817 1854; x_wconf 90' lang='lat'><strong>1.</strong></span> <span class='ocrx_word' id='word_1_478' title='bbox 2844 1803 3115 1871; x_wconf 81' lang='lat' dir='ltr'><strong>quantum</strong></span> <span class='ocrx_word' id='word_1_479' title='bbox 3136 1799 3279 1856; x_wconf 85' lang='lat' dir='ltr'><strong>alter</strong></span> <span class='ocrx_word' id='word_1_480' title='bbox 3302 1817 3341 1856; x_wconf 92' lang='lat' dir='ltr'><strong>a</strong></span> <span class='ocrx_word' id='word_1_481' title='bbox 3366 1800 3521 1873; x_wconf 86' lang='lat' dir='ltr'><strong>dato,</strong></span> 
     </span>
     <span class='ocr_line' id='line_1_72' title="bbox 2044 1886 3519 1962; baseline 0 -18"><span class='ocrx_word' id='word_1_482' title='bbox 2044 1886 2357 1960; x_wconf 86' lang='lat' dir='ltr'><strong>complicati</strong></span> <span class='ocrx_word' id='word_1_483' title='bbox 2412 1887 2629 1944; x_wconf 87' lang='lat' dir='ltr'><strong>dabunt</strong></span> <span class='ocrx_word' id='word_1_484' title='bbox 2682 1887 2983 1960; x_wconf 87' lang='lat' dir='ltr'><strong>speciem</strong></span> <span class='ocrx_word' id='word_1_485' title='bbox 3040 1888 3407 1962; x_wconf 74' lang='lat' dir='ltr'><strong>cognationis,</strong></span> <span class='ocrx_word' id='word_1_486' title='bbox 3466 1888 3519 1944; x_wconf 87' lang='lat' dir='ltr'><strong>si</strong></span> 
     </span>
     <span class='ocr_line' id='line_1_73' title="bbox 2044 1974 3520 2049; baseline 0.001 -17"><span class='ocrx_word' id='word_1_487' title='bbox 2044 1976 2269 2049; x_wconf 88' lang='lat' dir='ltr'><strong>quidem</strong></span> <span class='ocrx_word' id='word_1_488' title='bbox 2294 1974 2621 2047; x_wconf 88' lang='lat' dir='ltr'><strong>praecedens</strong></span> <span class='ocrx_word' id='word_1_489' title='bbox 2647 1975 2985 2049; x_wconf 80' lang='lat' dir='ltr'><strong>intelligatur</strong></span> <span class='ocrx_word' id='word_1_490' title='bbox 3002 1977 3307 2049; x_wconf 81' lang='lat' dir='ltr'><strong>siguificare</strong></span> <span class='ocrx_word' id='word_1_491' title='bbox 3330 1993 3520 2034; x_wconf 86' lang='lat' dir='ltr'><strong>ascen·</strong></span> 
     </span>
     <span class='ocr_line' id='line_1_74' title="bbox 2046 2064 3627 2139; baseline -0.001 -17"><span class='ocrx_word' id='word_1_492' title='bbox 2046 2065 2285 2136; x_wconf 83' lang='lat' dir='ltr'><strong>dentem,</strong></span> <span class='ocrx_word' id='word_1_493' title='bbox 2312 2079 2545 2137; x_wconf 87' lang='lat' dir='ltr'><strong>sequeus</strong></span> <span class='ocrx_word' id='word_1_494' title='bbox 2572 2064 2985 2122; x_wconf 84' lang='lat' dir='ltr'><strong>descendentem</strong></span> <span class='ocrx_word' id='word_1_495' title='bbox 3012 2066 3099 2122; x_wconf 86' lang='lat' dir='ltr'><strong>sui</strong></span> <span class='ocrx_word' id='word_1_496' title='bbox 3124 2067 3341 2139; x_wconf 58' lang='lat' dir='ltr'><strong>gradu</strong></span> <span class='ocrx_word' id='word_1_497' title='bbox 3397 2067 3520 2122; x_wconf 87' lang='lat' dir='ltr'><strong>Hac</strong></span> <span class='ocrx_word' id='word_1_498' title='bbox 3538 2066 3577 2122; x_wconf 89' lang='lat'>2</span> <span class='ocrx_word' id='word_1_499' title='bbox 3590 2068 3627 2121; x_wconf 91' lang='lat'>5</span> 
     </span>
     <span class='ocr_line' id='line_1_75' title="bbox 2044 2152 3519 2228; baseline 0.003 -18"><span class='ocrx_word' id='word_1_500' title='bbox 2044 2153 2327 2210; x_wconf 83' lang='lat' dir='ltr'><strong>occasione</strong></span> <span class='ocrx_word' id='word_1_501' title='bbox 2352 2152 2537 2209; x_wconf 84' lang='lat' dir='ltr'><strong>obiter</strong></span> <span class='ocrx_word' id='word_1_502' title='bbox 2560 2153 2947 2226; x_wconf 83' lang='lat' dir='ltr'><strong>explicandum</strong></span> <span class='ocrx_word' id='word_1_503' title='bbox 2974 2159 3077 2228; x_wconf 86' lang='lat' dir='ltr'><strong>est,</strong></span> <span class='ocrx_word' id='word_1_504' title='bbox 3104 2171 3249 2226; x_wconf 83' lang='lat' dir='ltr'><strong>quae</strong></span> <span class='ocrx_word' id='word_1_505' title='bbox 3264 2155 3380 2212; x_wconf 85' lang='lat' dir='ltr'><strong>sint</strong></span> <span class='ocrx_word' id='word_1_506' title='bbox 3398 2155 3519 2214; x_wconf 84' lang='lat' dir='ltr'><strong>dati</strong></span> 
     </span>
     <span class='ocr_line' id='line_1_76' title="bbox 2043 2232 3519 2319; baseline 0.001 -21"><span class='ocrx_word' id='word_1_507' title='bbox 2043 2241 2260 2298; x_wconf 74' lang='lat' dir='ltr'><strong>numeri</strong></span> <span class='ocrx_word' id='word_1_508' title='bbox 2296 2241 2703 2315; x_wconf 79' lang='lat' dir='ltr'><strong>discerptiones,</strong></span> <span class='ocrx_word' id='word_1_509' title='bbox 2747 2232 3174 2319; x_wconf 66' lang='lat' dir='ltr'><strong>Serfdllnngeu,</strong></span> <span class='ocrx_word' id='word_1_510' title='bbox 3213 2244 3519 2317; x_wconf 81' lang='lat' dir='ltr'><strong>possibiles.</strong></span> 
     </span>
     <span class='ocr_line' id='line_1_77' title="bbox 2041 2329 3522 2407; baseline 0.001 -19"><span class='ocrx_word' id='word_1_511' title='bbox 2041 2331 2191 2388; x_wconf 84' lang='lat' dir='ltr'><strong>Nam</strong></span> <span class='ocrx_word' id='word_1_512' title='bbox 2214 2343 2405 2388; x_wconf 85' lang='lat' dir='ltr'><strong>omnes</strong></span> <span class='ocrx_word' id='word_1_513' title='bbox 2430 2329 2656 2404; x_wconf 89' lang='lat' dir='ltr'><strong>quidem</strong></span> <span class='ocrx_word' id='word_1_514' title='bbox 2692 2330 3081 2405; x_wconf 83' lang='lat' dir='ltr'><strong>discerptiones</strong></span> <span class='ocrx_word' id='word_1_515' title='bbox 3116 2337 3247 2388; x_wconf 86' lang='lat' dir='ltr'><strong>suut</strong></span> <span class='ocrx_word' id='word_1_516' title='bbox 3281 2333 3522 2407; x_wconf 63' lang='lat' dir='ltr'><strong>comple</strong></span> 
     </span>
     <span class='ocr_line' id='line_1_78' title="bbox 2040 2418 3519 2502; baseline 0.002 -26"><span class='ocrx_word' id='word_1_517' title='bbox 2040 2420 2255 2502; x_wconf 75' lang='lat' dir='ltr'><strong>xiones,</strong></span> <span class='ocrx_word' id='word_1_518' title='bbox 2282 2418 2381 2476; x_wconf 83' lang='lat' dir='ltr'><strong>sed</strong></span> <span class='ocrx_word' id='word_1_519' title='bbox 2408 2419 2855 2492; x_wconf 78' lang='lat' dir='ltr'><strong>complexionum</strong></span> <span class='ocrx_word' id='word_1_520' title='bbox 2893 2437 2989 2478; x_wconf 83' lang='lat' dir='ltr'><strong>eae</strong></span> <span class='ocrx_word' id='word_1_521' title='bbox 3028 2425 3245 2478; x_wconf 69' lang='lat' dir='ltr'><strong>tantum</strong></span> <span class='ocrx_word' id='word_1_522' title='bbox 3282 2421 3519 2494; x_wconf 84' lang='lat' dir='ltr'><strong>discerp-</strong></span> 
     </span>
     <span class='ocr_line' id='line_1_79' title="bbox 2042 2508 3518 2583; baseline 0.001 -19"><span class='ocrx_word' id='word_1_523' title='bbox 2042 2508 2220 2565; x_wconf 72' lang='lat' dir='ltr'><strong>tionae</strong></span> <span class='ocrx_word' id='word_1_524' title='bbox 2246 2511 2393 2581; x_wconf 84' lang='lat' dir='ltr'><strong>sunt,</strong></span> <span class='ocrx_word' id='word_1_525' title='bbox 2423 2523 2563 2580; x_wconf 90' lang='lat' dir='ltr'><strong>quae</strong></span> <span class='ocrx_word' id='word_1_526' title='bbox 2588 2508 2755 2564; x_wconf 91' lang='lat' dir='ltr'><strong>simul</strong></span> <span class='ocrx_word' id='word_1_527' title='bbox 2782 2508 2889 2565; x_wconf 88' lang='lat' dir='ltr'><strong>toti</strong></span> <span class='ocrx_word' id='word_1_528' title='bbox 2927 2513 3058 2566; x_wconf 88' lang='lat' dir='ltr'><strong>sunt</strong></span> <span class='ocrx_word' id='word_1_529' title='bbox 3092 2510 3361 2583; x_wconf 83' lang='lat' dir='ltr'><strong>aequales.</strong></span> <span class='ocrx_word' id='word_1_530' title='bbox 3426 2510 3518 2567; x_wconf 86' lang='lat' dir='ltr'><strong>In·</strong></span> 
     </span>
     <span class='ocr_line' id='line_1_80' title="bbox 2039 2595 3517 2672; baseline 0.001 -18"><span class='ocrx_word' id='word_1_531' title='bbox 2039 2595 2232 2670; x_wconf 84' lang='lat' dir='ltr'><strong>stigari</strong></span> <span class='ocrx_word' id='word_1_532' title='bbox 2256 2595 2512 2652; x_wconf 89' lang='lat' dir='ltr'><strong>similiter</strong></span> <span class='ocrx_word' id='word_1_533' title='bbox 2537 2600 2767 2670; x_wconf 86' lang='lat' dir='ltr'><strong>possunt</strong></span> <span class='ocrx_word' id='word_1_534' title='bbox 2792 2601 2912 2654; x_wconf 85' lang='lat' dir='ltr'><strong>tum</strong></span> <span class='ocrx_word' id='word_1_535' title='bbox 2931 2598 3365 2672; x_wconf 83' lang='lat' dir='ltr'><strong>com2nationes‚</strong></span> <span class='ocrx_word' id='word_1_536' title='bbox 3396 2603 3517 2656; x_wconf 86' lang='lat' dir='ltr'><strong>tum</strong></span> 
     </span>
     <span class='ocr_line' id='line_1_81' title="bbox 2039 2685 3517 2762; baseline 0.001 -20"><span class='ocrx_word' id='word_1_537' title='bbox 2039 2685 2458 2758; x_wconf 73' lang='lat' dir='ltr'><strong>con3nationoe,</strong></span> <span class='ocrx_word' id='word_1_538' title='bbox 2488 2689 2609 2740; x_wconf 89' lang='lat' dir='ltr'><strong>tum</strong></span> <span class='ocrx_word' id='word_1_539' title='bbox 2628 2685 3016 2760; x_wconf 83' lang='lat' dir='ltr'><strong>discerptiones</strong></span> <span class='ocrx_word' id='word_1_540' title='bbox 3035 2687 3371 2762; x_wconf 79' lang='lat' dir='ltr'><strong>simpliciter,</strong></span> <span class='ocrx_word' id='word_1_541' title='bbox 3394 2693 3517 2744; x_wconf 85' lang='lat' dir='ltr'><strong>tum</strong></span> 
     </span>
     <span class='ocr_line' id='line_1_82' title="bbox 2041 2775 3517 2848; baseline 0.001 -17"><span class='ocrx_word' id='word_1_542' title='bbox 2041 2775 2175 2832; x_wconf 87' lang='lat' dir='ltr'><strong>dato</strong></span> <span class='ocrx_word' id='word_1_543' title='bbox 2184 2777 2510 2848; x_wconf 81' lang='lat' dir='ltr'><strong>exponente.</strong></span> <span class='ocrx_word' id='word_1_544' title='bbox 2544 2775 2694 2839; x_wconf 87' lang='lat' dir='ltr'><strong>Quot</strong></span> <span class='ocrx_word' id='word_1_545' title='bbox 2718 2777 2968 2848; x_wconf 76' lang='lat' dir='ltr'><strong>factores,</strong></span> <span class='ocrx_word' id='word_1_546' title='bbox 2990 2776 3077 2832; x_wconf 80' lang='lat' dir='ltr'><strong>vel</strong></span> <span class='ocrx_word' id='word_1_547' title='bbox 3100 2775 3364 2834; x_wconf 63' lang='lat' dir='ltr'><strong>divisores</strong></span> <span class='ocrx_word' id='word_1_548' title='bbox 3384 2793 3517 2833; x_wconf 80' lang='lat' dir='ltr'><strong>exa-</strong></span> 
     </span>
     <span class='ocr_line' id='line_1_83' title="bbox 2040 2862 3515 2939; baseline 0.001 -19"><span class='ocrx_word' id='word_1_549' title='bbox 2040 2867 2159 2920; x_wconf 92' lang='lat' dir='ltr'><strong>ctos</strong></span> <span class='ocrx_word' id='word_1_550' title='bbox 2188 2879 2448 2919; x_wconf 88' lang='lat' dir='ltr'><strong>numerus</strong></span> <span class='ocrx_word' id='word_1_551' title='bbox 2477 2862 2675 2935; x_wconf 90' lang='lat' dir='ltr'><strong>aliquis</strong></span> <span class='ocrx_word' id='word_1_552' title='bbox 2704 2863 2865 2920; x_wconf 88' lang='lat' dir='ltr'><strong>datus</strong></span> <span class='ocrx_word' id='word_1_553' title='bbox 2887 2865 3101 2939; x_wconf 87' lang='lat' dir='ltr'><strong>habeat,</strong></span> <span class='ocrx_word' id='word_1_554' title='bbox 3134 2865 3249 2922; x_wconf 89' lang='lat' dir='ltr'><strong>scio</strong></span> <span class='ocrx_word' id='word_1_555' title='bbox 3272 2867 3515 2925; x_wconf 87' lang='lat' dir='ltr'><strong>solutum</strong></span> 
     </span>
     <span class='ocr_line' id='line_1_84' title="bbox 2040 2951 3515 3027; baseline 0.003 -18"><span class='ocrx_word' id='word_1_556' title='bbox 2040 2954 2222 3027; x_wconf 83' lang='lat' dir='ltr'><strong>vulgo.</strong></span> <span class='ocrx_word' id='word_1_557' title='bbox 2264 2953 2338 3009; x_wconf 87' lang='lat' dir='ltr'><strong>Et</strong></span> <span class='ocrx_word' id='word_1_558' title='bbox 2358 2951 2486 3009; x_wconf 88' lang='lat' dir='ltr'><strong>hinc</strong></span> <span class='ocrx_word' id='word_1_559' title='bbox 2504 2956 2589 3009; x_wconf 88' lang='lat' dir='ltr'><strong>est</strong></span> <span class='ocrx_word' id='word_1_560' title='bbox 2611 2953 2759 3026; x_wconf 90' lang='lat' dir='ltr'><strong>quod</strong></span> <span class='ocrx_word' id='word_1_561' title='bbox 2778 2954 2973 3011; x_wconf 90' lang='lat' dir='ltr'><strong>Plato</strong></span> <span class='ocrx_word' id='word_1_562' title='bbox 3000 2971 3293 3013; x_wconf 86' lang='lat' dir='ltr'><strong>numerum</strong></span> <span class='ocrx_word' id='word_1_563' title='bbox 3309 2956 3515 3013; x_wconf 85' lang='lat' dir='ltr'><strong>civium</strong></span> 
     </span>
     <span class='ocr_line' id='line_1_85' title="bbox 2038 3040 3515 3118; baseline 0.001 -19"><span class='ocrx_word' id='word_1_564' title='bbox 2038 3042 2216 3100; x_wconf 83' lang='lat' dir='ltr'><strong>voluit</strong></span> <span class='ocrx_word' id='word_1_565' title='bbox 2234 3058 2353 3098; x_wconf 68' lang='lat' dir='ltr'><strong>oese</strong></span> <span class='ocrx_word' id='word_1_566' title='bbox 2386 3042 2574 3098; x_wconf 85' lang='lat'>5040.</span> <span class='ocrx_word' id='word_1_567' title='bbox 2606 3040 2735 3115; x_wconf 89' lang='lat' dir='ltr'><strong>quia</strong></span> <span class='ocrx_word' id='word_1_568' title='bbox 2760 3043 2849 3100; x_wconf 87' lang='lat' dir='ltr'><strong>hic</strong></span> <span class='ocrx_word' id='word_1_569' title='bbox 2868 3059 3129 3100; x_wconf 87' lang='lat' dir='ltr'><strong>numerus</strong></span> <span class='ocrx_word' id='word_1_570' title='bbox 3148 3045 3411 3118; x_wconf 88' lang='lat' dir='ltr'><strong>plurimas</strong></span> <span class='ocrx_word' id='word_1_571' title='bbox 3428 3062 3515 3101; x_wconf 86' lang='lat' dir='ltr'><strong>re-</strong></span> 
     </span>
     <span class='ocr_line' id='line_1_86' title="bbox 2038 3130 3515 3207; baseline 0.002 -18"><span class='ocrx_word' id='word_1_572' title='bbox 2038 3131 2174 3205; x_wconf 87' lang='lat' dir='ltr'><strong>cipit</strong></span> <span class='ocrx_word' id='word_1_573' title='bbox 2194 3130 2490 3187; x_wconf 87' lang='lat' dir='ltr'><strong>divisiones</strong></span> <span class='ocrx_word' id='word_1_574' title='bbox 2514 3130 2719 3187; x_wconf 87' lang='lat' dir='ltr'><strong>civium</strong></span> <span class='ocrx_word' id='word_1_575' title='bbox 2746 3148 2847 3205; x_wconf 89' lang='lat' dir='ltr'><strong>pro</strong></span> <span class='ocrx_word' id='word_1_576' title='bbox 2876 3132 3178 3191; x_wconf 86' lang='lat' dir='ltr'><strong>officiorum</strong></span> <span class='ocrx_word' id='word_1_577' title='bbox 3206 3134 3515 3207; x_wconf 81' lang='lat' dir='ltr'><strong>generibus,</strong></span> 
     </span>
     <span class='ocr_line' id='line_1_87' title="bbox 2040 3220 3515 3294; baseline 0.003 -19"><span class='ocrx_word' id='word_1_578' title='bbox 2040 3232 2240 3292; x_wconf 89' lang='lat' dir='ltr'><strong>nempe</strong></span> <span class='ocrx_word' id='word_1_579' title='bbox 2283 3220 2385 3275; x_wconf 82' lang='lat'><strong>60.</strong></span> <span class='ocrx_word' id='word_1_580' title='bbox 2414 3220 2513 3277; x_wconf 86' lang='lat' dir='ltr'><strong>lib.</strong></span> <span class='ocrx_word' id='word_1_581' title='bbox 2547 3221 2603 3275; x_wconf 90' lang='lat'><strong>5.</strong></span> <span class='ocrx_word' id='word_1_582' title='bbox 2634 3220 2703 3277; x_wconf 87' lang='lat' dir='ltr'><strong>de</strong></span> <span class='ocrx_word' id='word_1_583' title='bbox 2730 3221 2917 3294; x_wconf 86' lang='lat' dir='ltr'><strong>Legib.</strong></span> <span class='ocrx_word' id='word_1_584' title='bbox 2958 3222 3053 3278; x_wconf 78' lang='lat' dir='ltr'><strong>fol.</strong></span> <span class='ocrx_word' id='word_1_585' title='bbox 3088 3222 3233 3279; x_wconf 84' lang='lat'><strong>845.</strong></span> <span class='ocrx_word' id='word_1_586' title='bbox 3299 3223 3373 3279; x_wconf 90' lang='lat' dir='ltr'><strong>Et</strong></span> <span class='ocrx_word' id='word_1_587' title='bbox 3408 3223 3515 3279; x_wconf 88' lang='lat' dir='ltr'><strong>hoc</strong></span> 
     </span>
     <span class='ocr_line' id='line_1_88' title="bbox 2039 3307 3517 3386; baseline 0.002 -22"><span class='ocrx_word' id='word_1_588' title='bbox 2039 3308 2263 3382; x_wconf 88' lang='lat' dir='ltr'><strong>quidem</strong></span> <span class='ocrx_word' id='word_1_589' title='bbox 2290 3308 2350 3364; x_wconf 92' lang='lat' dir='ltr'><strong>in</strong></span> <span class='ocrx_word' id='word_1_590' title='bbox 2378 3307 2829 3382; x_wconf 86' lang='lat' dir='ltr'><strong>multiplicatione</strong></span> <span class='ocrx_word' id='word_1_591' title='bbox 2870 3314 2928 3367; x_wconf 89' lang='lat' dir='ltr'><strong>et</strong></span> <span class='ocrx_word' id='word_1_592' title='bbox 2966 3311 3254 3384; x_wconf 80' lang='lat' dir='ltr'><strong>divisione,</strong></span> <span class='ocrx_word' id='word_1_593' title='bbox 3294 3312 3393 3369; x_wconf 88' lang='lat' dir='ltr'><strong>sed</strong></span> <span class='ocrx_word' id='word_1_594' title='bbox 3415 3312 3517 3386; x_wconf 91' lang='lat' dir='ltr'><strong>qui</strong></span> 
     </span>
     <span class='ocr_line' id='line_1_89' title="bbox 2042 3396 3517 3472; baseline 0.003 -19"><span class='ocrx_word' id='word_1_595' title='bbox 2042 3396 2325 3453; x_wconf 87' lang='lat' dir='ltr'><strong>additione</strong></span> <span class='ocrx_word' id='word_1_596' title='bbox 2364 3396 2555 3453; x_wconf 82' lang='lat' dir='ltr'><strong>datum</strong></span> <span class='ocrx_word' id='word_1_597' title='bbox 2592 3414 2883 3454; x_wconf 89' lang='lat' dir='ltr'><strong>numerum</strong></span> <span class='ocrx_word' id='word_1_598' title='bbox 2920 3400 3253 3472; x_wconf 88' lang='lat' dir='ltr'><strong>producendi</strong></span> <span class='ocrx_word' id='word_1_599' title='bbox 3280 3400 3517 3457; x_wconf 79' lang='lat' dir='ltr'><strong>varieta-</strong></span> 
     </span>
     <span class='ocr_line' id='line_1_90' title="bbox 2042 3482 3517 3563; baseline 0.004 -23"><span class='ocrx_word' id='word_1_600' title='bbox 2042 3490 2141 3559; x_wconf 84' lang='lat' dir='ltr'><strong>tes,</strong></span> <span class='ocrx_word' id='word_1_601' title='bbox 2171 3489 2229 3541; x_wconf 92' lang='lat' dir='ltr'><strong>et</strong></span> <span class='ocrx_word' id='word_1_602' title='bbox 2256 3482 2630 3542; x_wconf 78' lang='lat' dir='ltr'><strong>subtractione</strong></span> <span class='ocrx_word' id='word_1_603' title='bbox 2656 3486 2995 3561; x_wconf 87' lang='lat' dir='ltr'><strong>discerpendi</strong></span> <span class='ocrx_word' id='word_1_604' title='bbox 3020 3488 3323 3563; x_wconf 82' lang='lat' dir='ltr'><strong>collegerit,</strong></span> <span class='ocrx_word' id='word_1_605' title='bbox 3360 3489 3517 3563; x_wconf 89' lang='lat' dir='ltr'><strong>quod</strong></span> 
     </span>
     <span class='ocr_line' id='line_1_91' title="bbox 2040 3573 3519 3648; baseline 0.001 -17"><span class='ocrx_word' id='word_1_606' title='bbox 2040 3578 2304 3646; x_wconf 90' lang='lat' dir='ltr'><strong>utumque</strong></span> <span class='ocrx_word' id='word_1_607' title='bbox 2352 3573 2547 3631; x_wconf 88' lang='lat' dir='ltr'><strong>eodem</strong></span> <span class='ocrx_word' id='word_1_608' title='bbox 2596 3575 2808 3648; x_wconf 81' lang='lat' dir='ltr'><strong>recidit,</strong></span> <span class='ocrx_word' id='word_1_609' title='bbox 2850 3576 2987 3633; x_wconf 87' lang='lat' dir='ltr'><strong>mihi</strong></span> <span class='ocrx_word' id='word_1_610' title='bbox 3035 3582 3199 3635; x_wconf 88' lang='lat' dir='ltr'><strong>notus</strong></span> <span class='ocrx_word' id='word_1_611' title='bbox 3244 3594 3363 3635; x_wconf 88' lang='lat' dir='ltr'><strong>non</strong></span> <span class='ocrx_word' id='word_1_612' title='bbox 3408 3582 3519 3635; x_wconf 86' lang='lat' dir='ltr'><strong>est.</strong></span> 
     </span>
     <span class='ocr_line' id='line_1_92' title="bbox 2039 3663 3519 3739; baseline 0.004 -22"><span class='ocrx_word' id='word_1_613' title='bbox 2039 3663 2203 3719; x_wconf 87' lang='lat' dir='ltr'><strong>Viam</strong></span> <span class='ocrx_word' id='word_1_614' title='bbox 2230 3666 2415 3719; x_wconf 87' lang='lat' dir='ltr'><strong>autem</strong></span> <span class='ocrx_word' id='word_1_615' title='bbox 2442 3663 2733 3735; x_wconf 84' lang='lat' dir='ltr'><strong>colligendi</strong></span> <span class='ocrx_word' id='word_1_616' title='bbox 2752 3664 3171 3723; x_wconf 85' lang='lat' dir='ltr'><strong>com2nationes</strong></span> <span class='ocrx_word' id='word_1_617' title='bbox 3196 3666 3519 3739; x_wconf 86' lang='lat' dir='ltr'><strong>discerptio-</strong></span> 
     </span>
     <span class='ocr_line' id='line_1_93' title="bbox 2040 3748 3519 3829; baseline 0.005 -22"><span class='ocrx_word' id='word_1_618' title='bbox 2040 3766 2176 3808; x_wconf 89' lang='lat' dir='ltr'><strong>num</strong></span> <span class='ocrx_word' id='word_1_619' title='bbox 2202 3751 2541 3808; x_wconf 80' lang='lat' dir='ltr'><strong>ostendimus</strong></span> <span class='ocrx_word' id='word_1_620' title='bbox 2580 3752 2849 3824; x_wconf 83' lang='lat' dir='ltr'><strong>proxime.</strong></span> <span class='ocrx_word' id='word_1_621' title='bbox 2926 3748 3003 3809; x_wconf 84' lang='lat' dir='ltr'><strong>At</strong></span> <span class='ocrx_word' id='word_1_622' title='bbox 3036 3754 3134 3812; x_wconf 89' lang='lat' dir='ltr'><strong>ubi</strong></span> <span class='ocrx_word' id='word_1_623' title='bbox 3178 3755 3365 3829; x_wconf 85' lang='lat' dir='ltr'><strong>plures</strong></span> <span class='ocrx_word' id='word_1_624' title='bbox 3390 3771 3519 3828; x_wconf 81' lang='lat' dir='ltr'><strong>par·</strong></span> 
     </span>
     <span class='ocr_line' id='line_1_94' title="bbox 2040 3839 3521 3915; baseline 0.003 -20"><span class='ocrx_word' id='word_1_625' title='bbox 2040 3843 2121 3895; x_wconf 86' lang='lat' dir='ltr'><strong>tes</strong></span> <span class='ocrx_word' id='word_1_626' title='bbox 2148 3839 2529 3913; x_wconf 85' lang='lat' dir='ltr'><strong>admittuntur,</strong></span> <span class='ocrx_word' id='word_1_627' title='bbox 2557 3840 2751 3913; x_wconf 82' lang='lat' dir='ltr'><strong>ingens</strong></span> <span class='ocrx_word' id='word_1_628' title='bbox 2776 3841 3036 3915; x_wconf 86' lang='lat' dir='ltr'><strong>panditur</strong></span> <span class='ocrx_word' id='word_1_629' title='bbox 3057 3844 3289 3914; x_wconf 76' lang='lat' dir='ltr'><strong>abyssus</strong></span> <span class='ocrx_word' id='word_1_630' title='bbox 3316 3843 3521 3899; x_wconf 86' lang='lat' dir='ltr'><strong>discer-</strong></span> 
     </span>
     <span class='ocr_line' id='line_1_95' title="bbox 2036 3928 3515 4005; baseline 0.005 -22"><span class='ocrx_word' id='word_1_631' title='bbox 2036 3928 2307 4003; x_wconf 87' lang='lat' dir='ltr'><strong>ptionum.</strong></span> <span class='ocrx_word' id='word_1_632' title='bbox 2382 3928 2452 3985; x_wconf 90' lang='lat' dir='ltr'><strong>In</strong></span> <span class='ocrx_word' id='word_1_633' title='bbox 2490 3944 2600 4002; x_wconf 87' lang='lat' dir='ltr'><strong>qua</strong></span> <span class='ocrx_word' id='word_1_634' title='bbox 2636 3930 2887 3987; x_wconf 84' lang='lat' dir='ltr'><strong>videmur</strong></span> <span class='ocrx_word' id='word_1_635' title='bbox 2924 3931 3089 3988; x_wconf 88' lang='lat' dir='ltr'><strong>nobis</strong></span> <span class='ocrx_word' id='word_1_636' title='bbox 3124 3932 3349 4005; x_wconf 88' lang='lat' dir='ltr'><strong>aliquod</strong></span> <span class='ocrx_word' id='word_1_637' title='bbox 3386 3934 3515 3989; x_wconf 75' lang='lat' dir='ltr'><strong>fim-</strong></span> 
     </span>
     <span class='ocr_line' id='line_1_96' title="bbox 2034 4015 3519 4095; baseline 0.002 -20"><span class='ocrx_word' id='word_1_638' title='bbox 2034 4017 2354 4075; x_wconf 87' lang='lat' dir='ltr'><strong>damentum</strong></span> <span class='ocrx_word' id='word_1_639' title='bbox 2388 4015 2743 4091; x_wconf 81' lang='lat' dir='ltr'><strong>computandi</strong></span> <span class='ocrx_word' id='word_1_640' title='bbox 2777 4035 3089 4093; x_wconf 70' lang='lat' dir='ltr'><strong>agsioscere,</strong></span> <span class='ocrx_word' id='word_1_641' title='bbox 3126 4036 3260 4077; x_wconf 80' lang='lat' dir='ltr'><strong>nam</strong></span> <span class='ocrx_word' id='word_1_642' title='bbox 3296 4036 3519 4095; x_wconf 83' lang='lat' dir='ltr'><strong>semper</strong></span> 
     </span>
     <span class='ocr_line' id='line_1_97' title="bbox 2036 4106 3513 4181; baseline 0 -18"><span class='ocrx_word' id='word_1_643' title='bbox 2036 4106 2427 4179; x_wconf 85' lang='lat' dir='ltr'><strong>discerptiones</strong></span> <span class='ocrx_word' id='word_1_644' title='bbox 2474 4106 2537 4163; x_wconf 91' lang='lat' dir='ltr'><strong>in</strong></span> <span class='ocrx_word' id='word_1_645' title='bbox 2578 4106 2635 4161; x_wconf 87' lang='lat'><strong>3.</strong></span> <span class='ocrx_word' id='word_1_646' title='bbox 2674 4112 2858 4181; x_wconf 76' lang='lat' dir='ltr'><strong>partes</strong></span> <span class='ocrx_word' id='word_1_647' title='bbox 2904 4109 3157 4167; x_wconf 90' lang='lat' dir='ltr'><strong>oriuntur</strong></span> <span class='ocrx_word' id='word_1_648' title='bbox 3194 4126 3267 4167; x_wconf 83' lang='lat' dir='ltr'><strong>ex</strong></span> <span class='ocrx_word' id='word_1_649' title='bbox 3310 4109 3513 4167; x_wconf 78' lang='lat' dir='ltr'><strong>discer-</strong></span> 
     </span>
     <span class='ocr_line' id='line_1_98' title="bbox 2034 4194 3513 4271; baseline 0.001 -20"><span class='ocrx_word' id='word_1_650' title='bbox 2034 4194 2316 4269; x_wconf 88' lang='lat' dir='ltr'><strong>ptionibus</strong></span> <span class='ocrx_word' id='word_1_651' title='bbox 2366 4194 2427 4251; x_wconf 87' lang='lat' dir='ltr'><strong>in</strong></span> <span class='ocrx_word' id='word_1_652' title='bbox 2460 4194 2517 4250; x_wconf 85' lang='lat'><strong>2.</strong></span> <span class='ocrx_word' id='word_1_653' title='bbox 2566 4196 2877 4269; x_wconf 86' lang='lat' dir='ltr'><strong>praeposita</strong></span> <span class='ocrx_word' id='word_1_654' title='bbox 2904 4213 3046 4269; x_wconf 75' lang='lat' dir='ltr'><strong>una3</strong></span> <span class='ocrx_word' id='word_1_655' title='bbox 3097 4197 3321 4271; x_wconf 79' lang='lat' dir='ltr'><strong>exsequi</strong></span> <span class='ocrx_word' id='word_1_656' title='bbox 3374 4214 3513 4253; x_wconf 83' lang='lat' dir='ltr'><strong>vero</strong></span> 
     </span>
     <span class='ocr_line' id='line_1_99' title="bbox 2034 4282 3513 4359; baseline 0.003 -20"><span class='ocrx_word' id='word_1_657' title='bbox 2034 4282 2198 4353; x_wconf 72' lang='lat' dir='ltr'><strong>buius</strong></span> <span class='ocrx_word' id='word_1_658' title='bbox 2249 4282 2359 4340; x_wconf 89' lang='lat' dir='ltr'><strong>loci</strong></span> <span class='ocrx_word' id='word_1_659' title='bbox 2416 4286 2661 4358; x_wconf 83' lang='lat' dir='ltr'><strong>fortasse,</strong></span> <span class='ocrx_word' id='word_1_660' title='bbox 2714 4286 2978 4359; x_wconf 84' lang='lat' dir='ltr'><strong>temporis</strong></span> <span class='ocrx_word' id='word_1_661' title='bbox 3026 4291 3213 4343; x_wconf 88' lang='lat' dir='ltr'><strong>autem</strong></span> <span class='ocrx_word' id='word_1_662' title='bbox 3248 4303 3367 4343; x_wconf 90' lang='lat' dir='ltr'><strong>non</strong></span> <span class='ocrx_word' id='word_1_663' title='bbox 3406 4290 3513 4343; x_wconf 81' lang='lat' dir='ltr'><strong>cst.</strong></span> 
     </span>
     <span class='ocr_line' id='line_1_100' title="bbox 2032 4371 3633 4449; baseline 0.002 -21"><span class='ocrx_word' id='word_1_664' title='bbox 2032 4371 2320 4429; x_wconf 84' lang='lat' dir='ltr'><strong>Caeterum</strong></span> <span class='ocrx_word' id='word_1_665' title='bbox 2346 4376 2642 4445; x_wconf 86' lang='lat' dir='ltr'><strong>antequam</strong></span> <span class='ocrx_word' id='word_1_666' title='bbox 2681 4372 2742 4429; x_wconf 91' lang='lat' dir='ltr'><strong>in</strong></span> <span class='ocrx_word' id='word_1_667' title='bbox 2779 4375 2977 4431; x_wconf 87' lang='lat' dir='ltr'><strong>arbore</strong></span> <span class='ocrx_word' id='word_1_668' title='bbox 3010 4380 3199 4431; x_wconf 84' lang='lat' dir='ltr'><strong>nostra</strong></span> <span class='ocrx_word' id='word_1_669' title='bbox 3222 4392 3259 4431; x_wconf 85' lang='lat' dir='ltr'><strong>a</strong></span> <span class='ocrx_word' id='word_1_670' title='bbox 3286 4390 3512 4449; x_wconf 84' lang='lat' dir='ltr'><strong>compu-</strong></span> <span class='ocrx_word' id='word_1_671' title='bbox 3536 4374 3633 4431; x_wconf 80' lang='lat'><strong>26</strong></span> 
     </span>
     <span class='ocr_line' id='line_1_101' title="bbox 2034 4460 3515 4537; baseline 0.005 -21"><span class='ocrx_word' id='word_1_672' title='bbox 2034 4460 2246 4517; x_wconf 86' lang='lat' dir='ltr'><strong>tatione</strong></span> <span class='ocrx_word' id='word_1_673' title='bbox 2272 4461 2514 4535; x_wconf 81' lang='lat' dir='ltr'><strong>generali</strong></span> <span class='ocrx_word' id='word_1_674' title='bbox 2550 4461 2625 4518; x_wconf 87' lang='lat' dir='ltr'><strong>ad</strong></span> <span class='ocrx_word' id='word_1_675' title='bbox 2658 4463 2951 4535; x_wconf 82' lang='lat' dir='ltr'><strong>specialem</strong></span> <span class='ocrx_word' id='word_1_676' title='bbox 2988 4464 3291 4537; x_wconf 83' lang='lat' dir='ltr'><strong>veniamus,</strong></span> <span class='ocrx_word' id='word_1_677' title='bbox 3334 4480 3515 4523; x_wconf 84' lang='lat' dir='ltr'><strong>unum</strong></span> 
     </span>
     <span class='ocr_line' id='line_1_102' title="bbox 2030 4550 3513 4625; baseline 0.002 -19"><span class='ocrx_word' id='word_1_678' title='bbox 2030 4550 2135 4606; x_wconf 89' lang='lat' dir='ltr'><strong>hoc</strong></span> <span class='ocrx_word' id='word_1_679' title='bbox 2160 4550 2569 4607; x_wconf 84' lang='lat' dir='ltr'><strong>admouendum</strong></span> <span class='ocrx_word' id='word_1_680' title='bbox 2588 4554 2687 4607; x_wconf 70' lang='lat' dir='ltr'><strong>oet.</strong></span> <span class='ocrx_word' id='word_1_681' title='bbox 2740 4551 3099 4609; x_wconf 87' lang='lat' dir='ltr'><strong>Definitiones</strong></span> <span class='ocrx_word' id='word_1_682' title='bbox 3118 4553 3513 4625; x_wconf 84' lang='lat' dir='ltr'><strong>cognationum</strong></span> 
     </span>
     <span class='ocr_line' id='line_1_103' title="bbox 2031 4638 3511 4715; baseline 0.004 -22"><span class='ocrx_word' id='word_1_683' title='bbox 2031 4654 2068 4693; x_wconf 88' lang='lat' dir='ltr'><strong>a</strong></span> <span class='ocrx_word' id='word_1_684' title='bbox 2104 4639 2267 4696; x_wconf 90' lang='lat' dir='ltr'><strong>nobis</strong></span> <span class='ocrx_word' id='word_1_685' title='bbox 2303 4638 2606 4712; x_wconf 81' lang='lat' dir='ltr'><strong>assignatas</strong></span> <span class='ocrx_word' id='word_1_686' title='bbox 2655 4640 2717 4695; x_wconf 90' lang='lat' dir='ltr'><strong>in</strong></span> <span class='ocrx_word' id='word_1_687' title='bbox 2757 4638 3021 4715; x_wconf 84' lang='lat' dir='ltr'><strong>populari&#39;</strong></span> <span class='ocrx_word' id='word_1_688' title='bbox 3060 4657 3164 4699; x_wconf 87' lang='lat' dir='ltr'><strong>usu</strong></span> <span class='ocrx_word' id='word_1_689' title='bbox 3212 4658 3329 4697; x_wconf 91' lang='lat' dir='ltr'><strong>non</strong></span> <span class='ocrx_word' id='word_1_690' title='bbox 3372 4659 3511 4699; x_wconf 88' lang='lat' dir='ltr'><strong>esso.</strong></span> 
     </span>
     <span class='ocr_line' id='line_1_104' title="bbox 2030 4726 3511 4803; baseline 0.003 -20"><span class='ocrx_word' id='word_1_691' title='bbox 2030 4726 2176 4784; x_wconf 88' lang='lat' dir='ltr'><strong>Nam</strong></span> <span class='ocrx_word' id='word_1_692' title='bbox 2203 4744 2256 4782; x_wconf 86' lang='lat' dir='ltr'><strong>v.</strong></span> <span class='ocrx_word' id='word_1_693' title='bbox 2286 4745 2336 4800; x_wconf 87' lang='lat' dir='ltr'><strong>g.</strong></span> <span class='ocrx_word' id='word_1_694' title='bbox 2366 4727 2630 4784; x_wconf 79' lang='lat' dir='ltr'><strong>Pati-uum</strong></span> <span class='ocrx_word' id='word_1_695' title='bbox 2656 4744 2822 4785; x_wconf 86' lang='lat' dir='ltr'><strong>nemo</strong></span> <span class='ocrx_word' id='word_1_696' title='bbox 2851 4730 3041 4786; x_wconf 84' lang='lat' dir='ltr'><strong>definit</strong></span> <span class='ocrx_word' id='word_1_697' title='bbox 3066 4730 3159 4787; x_wconf 85' lang='lat' dir='ltr'><strong>avi</strong></span> <span class='ocrx_word' id='word_1_698' title='bbox 3187 4730 3379 4803; x_wconf 89' lang='lat' dir='ltr'><strong>filium,</strong></span> <span class='ocrx_word' id='word_1_699' title='bbox 3410 4731 3511 4787; x_wconf 88' lang='lat' dir='ltr'><strong>sed</strong></span> 
     </span>
     <span class='ocr_line' id='line_1_105' title="bbox 2028 4815 3511 4893; baseline 0.004 -22"><span class='ocrx_word' id='word_1_700' title='bbox 2028 4816 2216 4891; x_wconf 89' lang='lat' dir='ltr'><strong>potius</strong></span> <span class='ocrx_word' id='word_1_701' title='bbox 2242 4815 2415 4889; x_wconf 80' lang='lat' dir='ltr'><strong>patris</strong></span> <span class='ocrx_word' id='word_1_702' title='bbox 2442 4818 2693 4873; x_wconf 71' lang='lat' dir='ltr'><strong>stati-em.-</strong></span> <span class='ocrx_word' id='word_1_703' title='bbox 2748 4818 3068 4893; x_wconf 87' lang='lat' dir='ltr'><strong>Quicunque</strong></span> <span class='ocrx_word' id='word_1_704' title='bbox 3094 4818 3261 4892; x_wconf 85' lang='lat' dir='ltr'><strong>igitur</strong></span> <span class='ocrx_word' id='word_1_705' title='bbox 3286 4820 3387 4876; x_wconf 83' lang='lat' dir='ltr'><strong>has</strong></span> <span class='ocrx_word' id='word_1_706' title='bbox 3414 4820 3511 4877; x_wconf 87' lang='lat' dir='ltr'><strong>de-</strong></span> 
     </span>
     <span class='ocr_line' id='line_1_106' title="bbox 2026 4904 3513 4981; baseline 0.003 -20"><span class='ocrx_word' id='word_1_707' title='bbox 2026 4904 2302 4961; x_wconf 78' lang='lat' dir='ltr'><strong>finitiones</strong></span> <span class='ocrx_word' id='word_1_708' title='bbox 2331 4904 2405 4962; x_wconf 82' lang='lat' dir='ltr'><strong>ad</strong></span> <span class='ocrx_word' id='word_1_709' title='bbox 2429 4906 2751 4980; x_wconf 85' lang='lat' dir='ltr'><strong>popularem</strong></span> <span class='ocrx_word' id='word_1_710' title='bbox 2776 4909 3067 4967; x_wconf 78' lang='lat' dir='ltr'><strong>efformare</strong></span> <span class='ocrx_word' id='word_1_711' title='bbox 3102 4924 3314 4969; x_wconf 85' lang='lat' dir='ltr'><strong>morem</strong></span> <span class='ocrx_word' id='word_1_712' title='bbox 3350 4909 3513 4981; x_wconf 82' lang='lat' dir='ltr'><strong>velit,</strong></span> 
     </span>
     <span class='ocr_line' id='line_1_107' title="bbox 2029 4993 3509 5071; baseline 0.004 -22"><span class='ocrx_word' id='word_1_713' title='bbox 2029 4994 2077 5049; x_wconf 87' lang='lat' dir='ltr'><strong>si</strong></span> <span class='ocrx_word' id='word_1_714' title='bbox 2104 4993 2329 5067; x_wconf 89' lang='lat' dir='ltr'><strong>quidem</strong></span> <span class='ocrx_word' id='word_1_715' title='bbox 2354 5010 2589 5067; x_wconf 85' lang='lat' dir='ltr'><strong>persona</strong></span> <span class='ocrx_word' id='word_1_716' title='bbox 2618 4997 2995 5053; x_wconf 52' lang='lat' dir='ltr'><strong>anniversalis</strong></span> <span class='ocrx_word' id='word_1_717' title='bbox 3020 4997 3328 5071; x_wconf 55' lang='lat' dir='ltr'><strong>ascendia·</strong></span> <span class='ocrx_word' id='word_1_718' title='bbox 3310 5014 3373 5055; x_wconf 85' lang='lat' dir='ltr'><strong>m</strong></span> <span class='ocrx_word' id='word_1_719' title='bbox 3399 5002 3509 5054; x_wconf 83' lang='lat' dir='ltr'><strong>ter-</strong></span> 
     </span>
     <span class='ocr_line' id='line_1_108' title="bbox 2028 5080 3507 5159; baseline 0.001 -20"><span class='ocrx_word' id='word_1_720' title='bbox 2028 5080 2183 5139; x_wconf 84' lang='lat' dir='ltr'><strong>mino</strong></span> <span class='ocrx_word' id='word_1_721' title='bbox 2208 5082 2557 5141; x_wconf 83' lang='lat' dir='ltr'><strong>descendenti</strong></span> <span class='ocrx_word' id='word_1_722' title='bbox 2586 5082 2709 5140; x_wconf 92' lang='lat' dir='ltr'><strong>loco</strong></span> <span class='ocrx_word' id='word_1_723' title='bbox 2748 5084 2847 5141; x_wconf 87' lang='lat' dir='ltr'><strong>filii</strong></span> <span class='ocrx_word' id='word_1_724' title='bbox 2888 5086 3204 5159; x_wconf 82' lang='lat' dir='ltr'><strong>substituat,</strong></span> <span class='ocrx_word' id='word_1_725' title='bbox 3246 5089 3503 5144; x_wconf 83' lang='lat' dir='ltr'><strong>fratrem·</strong></span> <span class='ocrx_word' id='word_1_726' title='bbox 3486 5126 3507 5159; x_wconf 85' lang='lat'><strong>‚</strong></span> 
     </span>
    </p>
   </div>
   <div class='ocr_carea' id='block_1_6' title="bbox 2030 5171 3507 5251">
    <p class='ocr_par' dir='ltr' id='par_1_6' title="bbox 2030 5171 3507 5251">
     <span class='ocr_line' id='line_1_109' title="bbox 2030 5171 3507 5251; baseline 0.004 -23"><span class='ocrx_word' id='word_1_727' title='bbox 2030 5171 2245 5247; x_wconf 83' lang='lat' dir='ltr'><strong>nepotis</strong></span> <span class='ocrx_word' id='word_1_728' title='bbox 2280 5177 2539 5250; x_wconf 82' lang='lat' dir='ltr'><strong>patruum</strong></span> <span class='ocrx_word' id='word_1_729' title='bbox 2576 5175 2677 5230; x_wconf 83' lang='lat' dir='ltr'><strong>etc</strong></span> <span class='ocrx_word' id='word_1_730' title='bbox 2717 5173 2843 5232; x_wconf 90' lang='lat' dir='ltr'><strong>loco</strong></span> <span class='ocrx_word' id='word_1_731' title='bbox 2878 5174 3295 5235; x_wconf 81' lang='lat' dir='ltr'><strong>descendentem</strong></span> <span class='ocrx_word' id='word_1_732' title='bbox 3334 5181 3507 5251; x_wconf 83' lang='lat' dir='ltr'><strong>ponat</strong></span> 
     </span>
    </p>
   </div>
  </div>
 </body>
</html>
