3717 5850
412 316 541 387 164

403 489 723 550 thematicus
737 528 754 562 ,
797 500 960 561 quem
987 490 1214 558 vocant,
1255 502 1401 543 nova
1430 488 1668 561 quadam
1705 486 1982 561 methodo,

407 596 575 654 quarn
612 575 979 652 praescribere
1006 592 1230 651 possum
1257 578 1318 632 et
1343 592 1484 649 quae
1513 576 1649 633 nihil
1679 577 1738 634 in
1767 594 1825 634 se
1854 592 1985 633 con-

407 670 549 725 tinet
587 671 682 723 aut
719 664 991 722 difficilius
1028 680 1196 737 quam
1232 664 1331 720 alii
1357 682 1544 723 cursus
1572 670 1670 722 aut
1697 666 1771 724 ab
1799 682 1902 723 usu
1930 670 1987 722 et

406 761 570 831 captu
605 754 898 829 remotius,
938 759 1036 810 aut
1059 738 1110 808 ¹a
1135 754 1525 811 consuetudine
1553 754 1823 813 scribendi
1852 756 1987 812 alie-

407 846 549 903 nius.
636 844 751 901 Nec
790 843 966 899 multo
1003 842 1127 916 plus
1165 842 1374 899 laboris
1413 843 1685 916 exigeret,
1729 859 1897 916 quam
1925 844 1985 899 in

405 932 700 991 nonnullos
745 948 933 989 cursus
981 935 1080 987 aut
1115 930 1407 987 nonnullas
1447 931 1875 1004 Encyclopedias
1924 936 1989 988 ut

405 1025 704 1096 loquuntur
730 1022 844 1077 iam
869 1020 1180 1095 impensum
1205 1018 1470 1075 videmuS.
1513 1018 1742 1092 Aliquot
1761 1022 1987 1077 selectos

405 1111 656 1169 homines
692 1127 810 1167 rem
847 1110 994 1165 intra
1030 1107 1463 1181 quinquennium
1501 1108 1786 1166 absolvere
1825 1126 1988 1183 posse

289 1269 291 1278 Ι
406 1205 583 1275 puto3
635 1200 783 1256 intra
810 1196 1094 1258 biennium
1121 1199 1308 1253 autem
1357 1196 1661 1269 doctrinaS,
1713 1198 1887 1271 magis
1926 1198 1989 1255 in

409 1290 526 1346 vita
553 1290 938 1361 frequentatas,
968 1284 1028 1341 id
1057 1288 1142 1341 est
1159 1283 1434 1342 Moralem
1458 1289 1517 1342 et
1535 1284 1986 1362 Metaphysicam,

407 1375 774 1449 irrefragabili
797 1373 1005 1430 calculo
1031 1372 1384 1429 exhibebunt.

497 1464 754 1521 Numen-is
785 1466 969 1517 autem
997 1460 1442 1518 chamcteristicis
1473 1463 1850 1537 plerarumque
1890 1480 1990 1521 no-

411 1553 628 1609 tionum
668 1550 834 1607 semel
871 1548 1180 1606 constitutis
1215 1550 1442 1608 habebit
1481 1568 1650 1625 genus
1689 1552 1988 1610 humanum

410 1640 604 1713 organi
631 1655 799 1713 genus
826 1654 1030 1694 novum
1043 1678 1060 1711 ,
1101 1638 1225 1713 plus
1252 1639 1428 1696 multo
1455 1641 1656 1697 mentis
1682 1642 1989 1715 potentiam

409 1732 714 1801 aucturum,
754 1742 920 1799 quam
947 1727 1092 1783 vitra
1121 1727 1304 1801 optica
1331 1728 1518 1786 oeulos
1538 1728 1828 1805 juvenmt,
1868 1735 1992 1787 tan-

413 1822 578 1891 toque
605 1815 851 1890 superius
877 1814 1255 1889 Microscopiis
1277 1820 1375 1874 aut
1399 1816 1751 1894 Telaecopiis,
1781 1825 1991 1893 quanto

409 1906 776 1980 praoetantior
803 1908 887 1961 εει
913 1904 1057 1961 ratio
1085 1905 1221 1961 visu.
1273 1904 1389 1962 Nec
1416 1922 1659 1979 unquam
1685 1926 1813 1965 acus
1841 1926 1988 1983 mag·

411 1994 592 2051 netica
639 1993 764 2067 plus
801 1992 1078 2050 commodi
1115 1994 1503 2068 navigantibus
1549 1998 1761 2071 attulit,
1823 2014 1990 2071 quam

411 2082 543 2139 haec
581 2098 850 2154 cynosura
900 2082 1398 2155 experimentorum
1444 2100 1595 2143 mane
1644 2088 1991 2145 tranantibus

412 2172 566 2227 feret.
651 2171 806 2236 Quae
835 2170 948 2227 alia
973 2170 1102 2227 inde
1129 2177 1526 2245 consequentur
1550 2174 1612 2231 in
1639 2178 1879 2233 fatorum
1906 2194 1993 2234 ar-

413 2258 582 2316 bitrio
611 2264 722 2331 est,
748 2258 856 2315 nisi
885 2274 1086 2333 magna
1115 2265 1300 2316 autem
1329 2265 1384 2317 et
1413 2262 1562 2319 bona
1588 2282 1708 2321 esse
1726 2282 1844 2322 non
1864 2282 1993 2340 pos-

413 2352 558 2405 sunt.
615 2348 761 2404 Nam
788 2348 912 2405 aliis
941 2348 1198 2405 omnibus
1227 2350 1450 2407 dotibus
1477 2352 1728 2410 homines
1761 2354 1993 2412 deterio-

412 2452 500 2493 res
525 2436 682 2494 reddi
707 2441 956 2510 possunt,
986 2438 1104 2494 sola
1129 2444 1278 2496 recta
1304 2439 1449 2495 ratio
1470 2440 1579 2497 nisi
1597 2444 1850 2501 salutaris
1871 2462 1995 2501 esse

413 2541 530 2582 non
555 2529 752 2599 potest.
837 2526 1065 2582 Rectam
1105 2531 1289 2585 autem
1323 2532 1445 2584 tum
1472 2531 1694 2588 demum
1723 2534 1840 2590 fore
1868 2533 1991 2606 quis
2017 2552 2022 2555 ·

413 2614 644 2687 dubitet,
674 2630 800 2671 cum
831 2630 1000 2687 aeque
1025 2615 1174 2672 clara
1198 2620 1451 2691 certaque
1479 2619 1682 2693 ubique
1701 2622 1808 2679 erit
1828 2626 1994 2695 atque

417 2702 480 2758 in
517 2703 876 2760 Arithmetica
923 2704 1180 2760 hactenus
1233 2706 1354 2761 fuit.
1441 2708 1632 2781 ltaque
1676 2710 1993 2784 importuna

417 2791 514 2847 illa
543 2790 780 2861 objectio
807 2792 1067 2866 cessabit,
1107 2808 1217 2865 qua
1254 2810 1402 2852 nunc
1429 2798 1569 2854 alter
1595 2798 1832 2855 alterum
1862 2816 1992 2857 exa·

417 2880 590 2954 gitare
630 2880 772 2938 solet
809 2885 866 2938 et
903 2896 1042 2954 quae
1087 2882 1354 2956 plurimos
1405 2901 1440 2942 a
1477 2886 1841 2945 ratiocinandi
1895 2906 1993 2946 vo-

417 2969 626 3026 luntate
666 2970 892 3043 avertit,
932 2971 1196 3027 nimirum
1234 2991 1360 3030 eum
1397 2975 1521 3047 quis
1561 2982 1989 3054 argumentatur,

414 3057 556 3114 alter
595 3074 710 3115 non
749 3063 864 3115 tam
903 3059 1186 3116 examinat
1229 3070 1611 3136 argumentum
1650 3083 1816 3140 quam
1854 3067 1995 3126 illud

295 3155 300 3160 ’
415 3148 669 3219 generale
716 3147 960 3221 reponit:
1031 3149 1176 3206 unde
1212 3150 1298 3207 Tu
1349 3153 1494 3208 nosti
1531 3158 1686 3212 tuam
1721 3157 1996 3214 rationem

418 3251 544 3292 mea
569 3236 890 3292 rectiorem?
934 3238 1080 3309 quod
1107 3238 1275 3294 habes
1303 3237 1561 3299 criterion
1589 3245 1867 3302 veritatis?
1924 3247 1997 3303 Et

419 3321 468 3378 si
509 3323 661 3396 prior
698 3323 768 3380 ad
807 3330 1128 3398 argumenta
1163 3343 1262 3384 sua
1291 3337 1574 3406 provocet,
1618 3337 1747 3390 tunc
1773 3335 1997 3392 alterius

418 3411 688 3485 patientia
707 3411 887 3469 deficit
904 3414 1278 3473 examinandi.
1307 3418 1632 3494 Plerumque
1651 3423 1800 3479 enim
1821 3425 1997 3480 multa

421 3499 720 3557 admodum
746 3502 1070 3561 excutienda
1099 3509 1229 3562 sunt
1255 3511 1312 3562 et
1339 3509 1548 3582 aliquot
1568 3512 1998 3584 septimanarum

424 3590 638 3646 flaturus
677 3594 820 3646 esset
845 3591 1008 3648 labor
1043 3599 1286 3669 receptas
1313 3597 1573 3655 hactenus
1609 3601 1997 3658 ratiocinandi-

425 3677 571 3751 leges
599 3682 866 3736 secuturo.
905 3681 1094 3754 ltaque
1113 3687 1238 3756 post
1255 3686 1487 3742 multam
1507 3687 1867 3760 agitationem
1884 3691 2000 3764 ple-

421 3782 653 3840 rumque
670 3769 893 3826 effectus
915 3770 1097 3843 potius
1107 3787 1271 3844 quam
1280 3773 1521 3831 rationes
1535 3776 1775 3850 vincunt,
1797 3782 1852 3834 et
1872 3795 2000 3836 con-

421 3857 715 3913 troversias
741 3857 980 3932 abrupto
1005 3860 1191 3932 potius
1215 3860 1363 3917 nodo
1392 3863 1602 3921 Gordio
1631 3882 1796 3939 quam
1817 3869 2002 3926 soluto

421 3943 792 4002 terminamus.
879 3948 1001 4004 Hoc
1037 3948 1288 4022 inprimis
1325 3951 1389 4007 fit
1426 3953 1487 4008 in
1515 3953 2003 4014 deliberationibus

421 4031 496 4088 ad
523 4033 696 4090 vitam
723 4035 1136 4112 pertinentibus,
1167 4039 1265 4094 ubi
1286 4038 1493 4114 aliquid
1515 4043 1867 4101 statuendum
1888 4051 2001 4120 est3

420 4119 518 4176 sed
545 4123 834 4178 commoda
861 4129 1025 4198 atque
1051 4126 1398 4186 incommoda
1435 4123 1614 4207 (quae
1640 4149 1804 4207 saepe
1831 4135 2004 4192 utrin-

420 4221 529 4281 que
555 4211 728 4267 multa
759 4211 928 4284 sunt)
967 4213 1118 4270 velut
1143 4216 1204 4270 in
1233 4215 1447 4274 bilance
1474 4221 1790 4278 examinare
1817 4224 2003 4297 paucis

424 4296 614 4354 datum
654 4303 752 4355 est.
841 4301 1031 4374 Itaque
1057 4310 1221 4374 prout
1246 4304 1333 4361 hic
1361 4322 1548 4381 unam,
1577 4308 1673 4364 ille
1700 4311 1870 4367 aliam
1900 4314 2003 4370 cir-

422 4389 810 4444 cumstantiam
848 4389 1188 4464 eloquentius
1225 4398 1282 4449 et
1317 4395 1587 4454 effioecius
1624 4397 1730 4455 sibi
1770 4400 2003 4474 aliisque

424 4481 854 4551 repraesentare,
909 4495 1104 4537 ornare
1141 4485 1198 4538 et
1235 4482 1458 4556 pingere
1495 4485 1680 4561 novit,
1733 4493 2001 4563 movetur,

422 4569 520 4621 aut
547 4565 762 4626 anitnos
787 4567 1072 4626 hominum
1100 4585 1283 4628 secum
1313 4573 1476 4648 rapit,
1507 4577 1827 4649 praesertim
1853 4578 1903 4634 si
1924 4580 2004 4636 af-

423 4652 655 4715 fectibus
695 4671 886 4712 eorum
922 4661 1102 4716 astute
1139 4662 1340 4716 utatur.
1426 4663 1535 4728 Qui
1572 4681 1703 4722 vero
1731 4667 1791 4722 in
1818 4667 2007 4741 aliqua

425 4741 820 4801 deliberatione
848 4749 1022 4804 totam
1049 4748 1306 4826 utrinque
1335 4751 1582 4810 tabulam
1603 4755 1808 4830 accepti
1830 4761 1889 4813 et
1908 4773 2004 4814 ex-

425 4832 580 4908 pensi
631 4833 954 4912 subducere,
1008 4837 1069 4897 id
1106 4842 1193 4896 est
1231 4841 1522 4902 commoda
1559 4846 1616 4900 et
1653 4843 2003 4904 incommoda

1417 326 1532 385 LII.
1620 326 1722 385 DE
1763 326 2045 385 LlNGUA
2087 322 2667 383 CHARAcrEch.

2083 500 2198 542 non
2234 488 2452 541 tantum
2488 498 2778 541 numerare
2819 482 2917 540 sed
2954 488 3011 540 et
3038 486 3194 540 recte
3223 482 3525 557 lmnderare
3551 502 3652 559 pos-

2084 574 2188 647 sit,
2228 573 2328 629 vix
2354 572 2642 647 quisquam
2670 576 2773 628 est.
2859 572 3052 645 Itaque
3082 573 3219 645 duo,
3254 572 3353 645 qui
3383 572 3652 651 disputant,

2086 666 2200 720 fere
2230 661 2362 718 mihi
2393 660 2607 718 duobus
2628 660 3021 718 mercatoribus
3042 661 3261 717 similes
3283 662 3547 737 videntur,
3575 668 3653 739 qui

2085 750 2195 808 sibi
2245 756 2439 807 mutuo
2490 766 2564 806 ex
2611 750 2800 806 multis
2838 750 3118 824 capitibus
3163 748 3445 807 debitores
3480 760 3652 828 essent,

2088 840 2185 897 sed
2220 839 2434 896 nollent
2472 854 2717 913 unquam
2756 838 2827 895 ad
2866 839 3123 912 generale
3164 838 3412 895 eiusdem
3451 840 3655 899 bilancis

2088 944 2323 986 examen
2370 928 2559 985 venire
2572 969 2589 1000 ,
2642 928 2852 983 interea
2891 928 3041 985 varie
3084 927 3294 983 merita
3331 928 3550 1003 quisque
3574 948 3657 989 sua

2088 1032 2217 1090 erga
2253 1018 2487 1075 alterum
2528 1020 2586 1073 et
2624 1014 2970 1089 quorundam
2996 1016 3372 1090 singularium
3400 1018 3657 1077 nominum

2087 1106 2357 1163 veritaten
2385 1122 2450 1163 ac
2478 1104 2913 1179 magnitudinem
2940 1109 3363 1179 exaggerarent.
3437 1106 3507 1162 Hi
3536 1114 3655 1166 certe

2088 1196 2166 1252 sic
2213 1194 2439 1268 quidem
2484 1210 2769 1267 nunquam
2818 1194 2973 1250 litem
3022 1194 3428 1251 terminabunt.
3510 1196 3653 1269 quue

2088 1284 2347 1341 hactenus
2375 1284 2438 1340 in
2464 1282 2733 1357 plerisque
2761 1282 3151 1339 controversiis
3164 1324 3181 1356 ,
3226 1282 3329 1339 ubi
3358 1300 3445 1339 τω
3474 1284 3653 1357 liquida

2090 1370 2194 1447 (id
2220 1377 2305 1429 est
2332 1373 2403 1429 ad
2432 1388 2688 1429 numeros
2714 1363 3016 1446 revocata)
3046 1386 3169 1427 non
3198 1376 3316 1445 est,
3358 1372 3474 1429 fieri
3492 1375 3653 1431 mirari

2089 1477 2204 1517 non
2258 1461 2536 1518 debemus.
2623 1459 2783 1517 Nunc
2832 1477 2965 1517 vero
3014 1460 3457 1517 chatacteristica
3492 1468 3653 1520 nostra

2088 1555 2282 1607 cuncta
2309 1550 2382 1607 ad
2409 1566 2666 1606 numeros
2692 1548 2978 1607 revocabit
3005 1553 3061 1605 et
3094 1552 3159 1605 ut
3190 1548 3483 1623 ponderari
3510 1551 3651 1609 etiam

2088 1638 2329 1697 rationes
2356 1642 2561 1712 queant
2590 1637 2740 1695 velut
2760 1638 3037 1711 quoddam
3056 1637 3307 1694 Staticae
3327 1654 3490 1710 genus
3510 1640 3651 1697 dabit

2088 1726 2234 1783 Nam
2253 1728 2423 1784 etiam
2443 1726 2865 1802 probabilitatoe
2888 1726 3101 1784 calculo
3132 1730 3198 1783 ut
3230 1726 3648 1786 demonstrationi

2088 1815 2479 1891 subjiciuntur,
2522 1832 2647 1873 cum
2687 1816 2963 1872 aestimari
3007 1830 3233 1889 semper
3270 1816 3469 1890 possit,
3510 1820 3649 1889 quod-

2088 1922 2221 1961 nam
2272 1922 2344 1963 ex
2385 1904 2531 1963 datis
2568 1904 2993 1962 circumstantiis
3037 1904 3391 1978 probabilius
3430 1904 3497 1960 sit
3532 1908 3647 1963 futu-

2088 2010 2227 2051 rum.
2314 1994 2566 2067 Denique
2602 1994 2697 2067 qui
2740 1998 2889 2051 certo
2926 2010 3225 2067 persuasus
3255 1998 3343 2050 eet
3369 1994 3436 2049 de
3464 1994 3647 2068 religio·

2091 2084 2175 2139 nis
2212 2084 2444 2140 veritate
2484 2088 2539 2139 et
2575 2083 2724 2159 quod
2762 2082 2890 2139 hinc
2916 2084 3170 2156 sequitur
3200 2086 3358 2138 tanta
3386 2082 3517 2139 alios
3540 2085 3647 2141 cari·

2089 2176 2205 2229 tate
2241 2172 2643 2247 complectitur,
2689 2175 2752 2227 ut
2780 2176 2932 2247 optet
2959 2172 3182 2245 generis
3210 2171 3439 2227 humani
3464 2188 3646 2230 conver-

2091 2260 2331 2336 sionem,
2370 2262 2419 2316 is
2455 2265 2626 2335 certe,
2666 2260 2765 2316 ubi
2810 2260 2940 2318 haec
2970 2260 3280 2335 intelliget,
3326 2260 3569 2317 fatebitur
3589 2264 3644 2319 ad

2090 2350 2500 2425 propagandam
2526 2351 2689 2407 fidem
2716 2352 2929 2423 praeter
2957 2350 3230 2407 miracula
3258 2354 3315 2406 et
3334 2351 3641 2407 sanctitatem

2089 2439 2327 2497 hominis
2363 2438 2647 2511 enjusdam
2675 2438 3007 2511 Apostolici,
3046 2442 3155 2495 aut
3198 2438 3453 2495 victorias
3492 2440 3642 2513 magni

2091 2529 2447 2602 Monarchae‚
2487 2528 2626 2584 nihil
2663 2527 2935 2585 efficacius
2978 2528 3085 2584 hoc
3115 2529 3344 2585 invento
3371 2544 3506 2601 essm
3541 2546 3644 2584 nam

2092 2618 2192 2675 ubi
2219 2618 2386 2683 semel
2415 2635 2451 2673 a
2477 2617 2843 2675 Missionariis
2878 2618 3009 2674 haec
3047 2617 3247 2691 lingua
3285 2617 3542 2673 introduci
3568 2635 3643 2690 po-

2094 2706 2249 2780 terit,
2289 2706 2481 2780 religio
2509 2723 2667 2779 vera,
2707 2720 2847 2777 quae
2886 2706 3137 2762 maxime
3166 2706 3370 2762 rationi
3397 2712 3642 2762 consenta-

2092 2812 2198 2854 nea
2224 2800 2325 2867 est,
2356 2794 2604 2852 stabilita
2631 2796 2737 2851 erit
2764 2799 2820 2851 et
2850 2810 2965 2851 non
2984 2794 3168 2869 magis
3191 2795 3251 2850 in
3274 2798 3538 2868 posterum
3558 2812 3644 2849 me-

2092 2884 2298 2942 tuenda
2326 2885 2433 2942 crit
2457 2884 2778 2958 Apostasia,
2819 2898 2987 2957 quam
3026 2900 3104 2942 ne
3131 2883 3383 2942 homines
3410 2884 3639 2940 Arithmc-

2093 2974 2260 3032 ticam
2287 2978 2386 3030 aut
2412 2975 2812 3047 Geometriam‚
2842 2988 3011 3045 quam
3038 2973 3217 3030 semel
3246 2973 3501 3044 didicere,
3537 2989 3641 3028 mox

2095 3064 2377 3122 damnent.
2416 3063 2607 3136 Itaque
2628 3067 2833 3135 repete,
2863 3063 3011 3136 quod
3032 3078 3204 3135 saepe
3224 3061 3362 3136 dixi,
3384 3063 3638 3134 hominem,

2096 3153 2191 3226 qui
2229 3168 2406 3224 neque
2432 3151 2705 3224 Propheta
2731 3151 2804 3206 sit
2834 3167 3011 3224 neque
3039 3151 3326 3224 princeps,
3366 3149 3533 3219 mnjus
3565 3151 3641 3205 ali-

2096 3240 2229 3315 quid
2272 3241 2486 3313 generis
2526 3240 2751 3297 humani
2792 3240 2941 3296 bono
2980 3257 3083 3296 nec
3116 3239 3339 3296 divinae
3366 3239 3553 3313 gloriae
3575 3255 3641 3293 ac·

2094 3329 2493 3387 commodatius
2522 3330 2794 3403 suscipere
2832 3345 3120 3402 nunquam
3146 3345 3325 3404 posse.
3409 3329 3504 3384 Sed
3529 3327 3642 3382 ultra

2094 3419 2265 3476 verba
2303 3419 2545 3476 eundum
2574 3423 2673 3475 est.
2760 3419 2898 3476 Cum
2926 3435 3059 3475 vero
3090 3417 3167 3475 ob
3196 3415 3556 3476 admirabilem
3580 3431 3643 3472 re-

2096 3524 2221 3565 rum
2248 3507 2649 3565 connexionem
2678 3524 2976 3581 paucarum
3004 3523 3193 3566 rerum
3206 3548 3223 3580 ‚
3254 3507 3327 3564 ab
3356 3505 3473 3563 aliis
3498 3505 3642 3560 diver-

2098 3613 2301 3670 sarum,
2314 3613 2573 3654 numeros
2582 3597 3039 3654 characteristicos
3050 3597 3187 3654 dare
3198 3596 3560 3653 difficillimum
3569 3591 3639 3663 sit,

2099 3687 2226 3743 ideo
2276 3685 2495 3760 elegans
2543 3687 2605 3744 ni
2652 3687 2815 3743 fallor
2862 3685 3154 3742 artificium
3194 3682 3513 3758 excogitavi,
3552 3695 3643 3752 quo

2101 3776 2315 3832 ostendi
2365 3777 2566 3851 possit,
2620 3775 2768 3848 quod
2806 3775 3258 3832 ratiocinationes
3294 3789 3392 3846 per
3426 3784 3644 3826 numeros

2102 3863 2461 3938 comprobare
2488 3865 2663 3921 liceat.
2708 3865 2885 3939 Finge
2913 3865 3100 3936 itaque
3126 3879 3385 3920 numeros
3412 3860 3640 3916 characte-

2102 3955 2317 4011 risticos
2346 3954 2497 4029 illos,
2529 3957 2818 4027 tantopere
2840 3952 3121 4009 mirabiles
3134 3993 3151 4026 ,
3182 3952 3299 4007 iam
3325 3949 3438 4007 dari
3450 3988 3467 4022 ,
3494 3946 3643 4002 obser·

2103 4047 2338 4117 rataque
2376 4043 2598 4099 illorum
2625 4041 2865 4116 generali
2892 4041 3226 4116 proprietate
3254 4037 3509 4111 quadam,
3544 4031 3641 4088 tali·

2104 4134 2208 4189 bus
2237 4132 2503 4204 numeris,
2545 4131 2943 4205 qualescunque
2980 4130 3205 4186 interim
3232 4143 3470 4198 assume,
3505 4137 3642 4192 usque

2103 4220 2363 4277 adhibitis
2392 4220 2581 4278 statim
2609 4218 2851 4276 mirabili
2877 4219 3095 4276 ratione
3123 4233 3315 4274 omnes
3342 4214 3535 4288 regulas
3558 4209 3640 4265 Lo·

2104 4309 2249 4383 gicas
2277 4325 2375 4382 per
2401 4325 2658 4366 numeros
2685 4309 3001 4365 demonstro
3027 4313 3085 4364 et
3113 4305 3372 4376 ostende,
3408 4297 3640 4375 quomodo

2102 4399 2355 4471 cognosci
2404 4397 2582 4472 possit
2618 4414 2693 4454 an
2730 4397 3231 4470 argumentationes
3271 4392 3521 4466 quaedam
3553 4385 3641 4440 sint

2102 4487 2164 4542 in
2202 4489 2380 4544 forma
2417 4487 2614 4544 bonae.
2702 4486 2795 4542 An
2835 4503 2967 4544 vero
2995 4486 3317 4559 argumenta
3343 4479 3397 4534 vi
3422 4473 3641 4534 materiae

2104 4577 2257 4633 bona
2298 4575 2411 4632 sint
2446 4581 2543 4632 aut
2581 4575 2911 4633 concludant
2924 4617 2941 4650 ,
2994 4579 3115 4630 tum
3154 4573 3373 4630 demum
3409 4567 3517 4623 sinc
3550 4559 3640 4658 ¹¹1.¹⁰

2103 4665 2295 4722 labore
2333 4662 2507 4720 animi
2548 4669 2647 4722 aut
2687 4665 2905 4722 errandi
2934 4662 3176 4737 periculo
3198 4657 3429 4730 judicari
3456 4651 3637 4728 potent,

2104 4770 2229 4811 cum
2286 4753 2394 4829 ipsi
2451 4754 2567 4811 veri
2624 4753 2839 4812 numeri
2892 4749 3236 4813 characterici
3288 4761 3462 4805 rerum
3507 4737 3639 4797 habe·

2103 4843 2326 4903 buntur.
