3717 5850
717 357 980 417 Lxxm
1067 357 1189 414 An.
1221 333 1286 414 r.
1327 354 1466 414 nrs
1521 354 1774 413 nosses
1817 351 2241 415 seimonau
2288 356 2445 417 xvi.
2474 362 2534 417 nt
2562 360 2745 422 xvu.

29 499 154 557 riae
185 498 418 555 actuali
457 498 518 554 in
557 500 746 570 partes
771 497 1032 556 infinitas.
1119 496 1228 553 Sed
1258 496 1406 553 idem
1432 496 1655 553 aliunde

27 587 446 660 consequitur,
486 600 686 659 nempe
713 602 786 639 ex
815 591 1012 642 natura
1039 590 1224 641 motus
1251 586 1566 658 fluidorum,
1596 590 1653 639 et

31 690 106 729 ex
137 688 214 728 eo
246 674 410 745 quod
432 688 664 747 corpora
687 674 875 729 omnia
897 688 1092 745 parum
1115 674 1322 729 habent
1343 672 1650 729 fluiditatis.

123 760 830 833 Incomprehensibilitatis
893 762 1222 816 attributum
1283 762 1498 817 utinam
1547 759 1652 815 soli

33 850 160 905 Deo
219 849 526 921 proprium
575 850 739 905 esset!
789 847 969 948 maior
1007 847 1168 905 nobis
1209 864 1334 922 spes
1373 852 1517 904 esset
1553 863 1654 903 no·

33 936 290 992 scendae
321 941 590 1009 naturae3
629 937 726 993 sed
765 934 930 992 nimis
971 952 1162 993 verum
1189 942 1273 993 est
1302 937 1508 991 nullam
1539 952 1656 990 esse

36 1030 266 1097 partem
309 1030 571 1096 naturae,
604 1040 756 1105 quae
783 1025 1018 1117 perfecte
1045 1023 1433 1095 comprehendi
1465 1022 1655 1095 possit,
1695 1039 1698 1054 ·

35 1113 208 1181 idque
241 1113 377 1183 ipsa
403 1126 592 1167 rerum
618 1124 1035 1180 περιχωρησις
1063 1112 1278 1182 probat.
1365 1111 1531 1166 Nulla
1559 1125 1656 1165 na-

39 1204 172 1255 tura
225 1199 598 1270 quantumvis
647 1198 883 1269 nobilis,
937 1198 1148 1253 infinita
1201 1198 1363 1253 simul
1405 1198 1658 1252 distincte

38 1286 373 1359 percipere,
443 1303 540 1342 seu
591 1284 1046 1357 comprehendere
1095 1289 1308 1357 potest3
1365 1285 1498 1355 quin
1539 1284 1654 1340 imo

43 1373 139 1444 qni
193 1373 292 1427 vel
349 1388 524 1427 unam
575 1376 790 1445 partem
843 1372 1104 1427 materiae
1155 1370 1654 1455 comprehenderet,

40 1461 190 1515 idem
248 1460 748 1554 comprehenderet
799 1463 977 1515 totum
1023 1458 1350 1515 Universum
1403 1458 1478 1514 ob
1527 1474 1655 1515 ean-

45 1548 174 1603 dem
205 1560 657 1616 περιχωςνησιν
685 1562 852 1619 quam
881 1545 1016 1601 dixi.
1062 1546 1194 1601 Mea
1221 1546 1492 1619 principia
1521 1546 1654 1601 talia

41 1639 203 1707 sunt,
261 1638 332 1688 ut
387 1633 492 1688 vix
539 1649 576 1687 a
615 1650 674 1687 se
720 1634 960 1687 invicem
1000 1633 1188 1689 divelli
1228 1634 1455 1706 possint.
1541 1631 1653 1698 Qui

37 1738 216 1779 unum
249 1720 408 1775 bene
437 1720 618 1789 novit,
651 1720 838 1775 omnia
869 1721 1040 1775 novit.

129 1808 434 1873 Quasdam
462 1806 798 1875 objectiones
835 1807 961 1863 Duo
1000 1804 1512 1879 Hartsoekero,
1563 1820 1654 1861 ro-

43 1900 230 1969 gatus,
263 1895 419 1950 olim
449 1894 590 1949 misi.
683 1895 797 1949 Eae
826 1902 1038 1965 partem
1069 1894 1222 1949 illam
1251 1894 1488 1967 faciunt,
1531 1892 1652 1967 qui-

45 1984 148 2040 bus
178 1988 244 2041 iu
273 1982 404 2037 suis
441 1981 896 2037 declarationibus
938 1975 1650 2056 (Eclaircissemens)

44 2069 376 2143 respondit,
431 2068 526 2125 sed
555 2070 784 2125 nomine
813 2085 939 2124 meo
967 2084 1082 2125 non
1110 2068 1345 2141 adjecto,
1377 2066 1525 2139 quod
1556 2084 1654 2123 nec

43 2156 464 2214 desiderabam.
555 2157 633 2211 At
682 2172 854 2229 nuper
905 2156 962 2210 in
1012 2156 1180 2211 aliam
1221 2154 1654 2212 controversiam

43 2245 324 2319 implicati
392 2244 612 2301 fuimus.
702 2243 906 2299 Statuit
949 2244 1072 2317 ille,
1125 2243 1264 2299 duas
1304 2259 1422 2298 esse
1473 2248 1655 2314 partes

45 2334 318 2389 materiae
335 2372 353 2403 ,
415 2346 582 2386 unam
621 2333 916 2386 conflatam
955 2346 1030 2385 ex
1067 2331 1268 2386 atomis
1295 2333 1531 2403 perfecte
1559 2328 1656 2384 du-

47 2422 144 2492 riS,
178 2420 426 2475 alteram
455 2434 527 2473 ex
555 2418 726 2474 fluido
757 2418 1013 2489 perfecto.
1089 2418 1208 2486 Ego
1237 2418 1526 2473 materiam
1554 2432 1656 2471 sua

50 2512 254 2561 natura
284 2505 624 2560 divisibilem
653 2510 864 2577 statuo,
898 2520 996 2559 nec
1023 2509 1261 2578 atomoS,
1290 2505 1393 2559 nisi
1423 2520 1522 2575 per
1551 2502 1654 2557 mi-

59 2594 346 2665 raculum,
397 2592 578 2646 induci
621 2609 794 2664 posse.
885 2591 1234 2647 Fluiditatem
1265 2592 1432 2647 etiam
1470 2594 1655 2645 statuo

49 2681 294 2735 transire
335 2680 400 2733 in
438 2678 702 2750 quosdam
743 2680 1104 2735 connexionis
1139 2677 1364 2751 gradus,
1409 2695 1505 2751 per
1536 2693 1655 2732 mo-

55 2774 140 2823 tus
173 2768 375 2822 varios
404 2766 460 2820 in
507 2766 766 2836 materia,
819 2766 962 2820 inter
1011 2782 1070 2819 se
1116 2766 1520 2836 conspirantem
1575 2766 1655 2819 ita

47 2855 200 2908 enim
233 2856 330 2923 fit,
391 2856 454 2906 ut
481 2852 756 2922 separatio
793 2866 902 2904 non
951 2852 1045 2903 fiat
1087 2852 1202 2905 sine
1251 2850 1488 2922 quadam
1540 2865 1656 2904 mo·

49 2946 216 2998 tuum
264 2939 712 3012 perturbatione,
753 2938 840 2992 cui
870 2938 1099 3008 proinde
1127 2939 1412 2992 resistitur.
1501 2939 1656 2991 Hanc

43 3045 252 3084 censeo
297 3025 560 3080 ultimam
600 3026 872 3080 rationem
909 3025 1250 3079 cohaesionis
1297 3025 1356 3078 in
1411 3023 1656 3078 materia.

47 3117 200 3171 Nam
231 3114 389 3186 unci,
421 3113 588 3185 hami,
623 3116 794 3182 funes,
829 3111 1048 3167 tabulae
1075 3111 1148 3167 ab
1179 3115 1304 3167 aere
1331 3112 1417 3166 vel
1440 3111 1658 3166 aethere

49 3217 438 3274 compressae,
491 3200 710 3270 aliaque
737 3199 793 3253 id
824 3215 1026 3270 genus,
1076 3201 1388 3254 firmitatem
1417 3200 1657 3270 aliquam

46 3292 164 3360 jam
195 3290 674 3362 praesupponunt.
727 3349 732 3352 ,
764 3287 878 3340 Nec
919 3290 1054 3356 puto
1081 3287 1250 3342 aliam
1279 3287 1552 3348 rationem
1579 3286 1660 3340 ul-

57 3381 256 3434 timam
301 3375 650 3431 comesionis
689 3372 842 3428 reddi
874 3389 1060 3446 posse,
1103 3390 1228 3430 cum
1273 3374 1506 3430 materia
1543 3389 1660 3430 nou

57 3468 160 3522 nisi
188 3463 444 3519 motibus
473 3462 674 3518 variari
704 3461 894 3532 possit.

146 3552 513 3609 Occasionem
543 3549 676 3606 mihi
707 3545 930 3604 dederat
969 3547 1075 3602 Dn.
1109 3547 1658 3620 Hartsoekerus,

63 3645 122 3696 ut
162 3640 276 3695 tale
319 3639 455 3709 quid
492 3637 544 3692 ei
585 3637 931 3692 insinuarem.
1022 3634 1251 3690 Videtur
1289 3638 1503 3689 motum
1529 3650 1658 3689 con·-

67 3729 374 3799 spirantcm
424 3740 460 3778 a
501 3741 592 3780 me
639 3725 944 3779 adhibitum
997 3738 1110 3778 non
1148 3723 1282 3777 satis
1307 3722 1658 3792 intellexisse,

69 3817 208 3870 unde
251 3813 526 3869 nonnulla
565 3811 784 3882 objicit,
825 3811 1050 3880 aliaque
1071 3811 1262 3882 affert,
1305 3807 1507 3879 quibus
1537 3823 1660 3880 pro-

71 3903 233 3957 lixius
255 3899 518 3972 respondi
541 3914 706 3969 quam
729 3897 1089 3952 institueram.
1134 3898 1348 3954 Curre
1363 3901 1479 3952 nte
1502 3909 1576 3950 ro
1591 3899 1662 3950 ta

73 4006 170 4061 pro
199 4003 412 4044 urceo
441 3986 707 4058 amphora
737 3985 940 4040 exiit.

155 4077 315 4131 Hanc
344 4075 639 4146 epistolam
667 4073 740 4129 ad
771 4077 825 4126 te
853 4071 1074 4126 mittere
1101 4071 1267 4143 volui,
1298 4071 1464 4128 etiam
1493 4074 1556 4126 ut
1569 4069 1664 4138 ju·-

75 4161 272 4218 dieium
303 4167 460 4218 tuum
488 4161 710 4217 subeat:
753 4159 887 4216 Inde
915 4159 962 4214 si
991 4157 1284 4231 videbitur,
1317 4155 1440 4214 Dfio
1469 4160 1521 4213 H
1531 4163 1662 4214 art-

79 4251 370 4306 soekero
413 4249 632 4305 mittere
659 4247 884 4321 poteris.
973 4245 1276 4315 Adiunctas
1305 4247 1474 4302 etiam
1495 4245 1567 4301 ad
1595 4247 1664 4302 R·

79 4334 134 4389 P.
167 4337 515 4392 Orbanum
554 4335 814 4391 destinari
843 4339 986 4406 peto.

161 4424 416 4481 Tandem
475 4424 768 4494 aliquando
825 4421 1142 4476 absolutum
1202 4423 1286 4476 est
1334 4419 1392 4476 in
1445 4417 1668 4474 Batavis

85 4513 404 4580 opusculum
437 4527 640 4582 meum,
669 4515 728 4565 et
753 4525 878 4564 cum
909 4523 1010 4563 vos
1041 4509 1262 4564 Batavis
1289 4509 1410 4562 sitis
1439 4505 1668 4562 vicinio·

86 4611 184 4670 res,
213 4604 270 4654 et
299 4599 360 4654 in
390 4600 586 4655 crebro
605 4613 730 4652 cum
753 4597 822 4650 iis
843 4595 1188 4664 commercio,
1218 4594 1378 4650 facile
1406 4611 1504 4667 per
1529 4594 1668 4649 ami—

89 4698 206 4738 cum
254 4687 388 4742 inde
418 4684 644 4742 habebis
675 4683 929 4740 schedula
980 4680 1053 4735 ad
1082 4680 1453 4751 Bibliopolam
1483 4681 1667 4756 missa,

91 4784 248 4839 quam
275 4773 364 4828 hic
393 4773 651 4845 adjungo.
737 4771 952 4826 Interea
982 4769 1105 4822 vale
1133 4771 1190 4822 et
1219 4769 1357 4824 fave.

173 4858 389 4946 Dabam
419 4861 742 4916 Hanoveme
777 4857 832 4912 7.
866 4854 1137 4912 Novemb.
1175 4855 1358 4911 1710.

973 4941 1356 4997 Deditissimus

637 5031 708 5087 G.
776 5030 844 5085 G.
909 5027 1491 5086 Leibnitius.

3194 362 3325 427 66⁴7

2176 495 2617 563 EPISTOLA
2702 500 2887 558 xvn.

1825 614 2301 674 Reverendissime
2341 624 2527 694 pater,
2572 622 2755 678 fautor
2798 622 3235 684 honoratissime.

1827 756 2055 812 Gratias
2117 773 2225 827 ago
2286 758 2593 831 maximas,
2658 760 2807 833 quod
2854 765 3055 821 curasti
3105 766 3321 825 litteras

1740 858 1921 915 meas,
1963 844 2113 914 quod
2152 844 2455 918 Epistolam
2492 851 2709 903 sextam
2750 850 2973 908 Lamii
3012 854 3161 927 apud
3199 855 3322 913 ‘rri-

1741 931 2043 985 vultienses
2082 930 2287 987 editam
2316 949 2529 991 mecum
2556 938 2957 1010 communicas,
2996 942 3145 1012 quod
3172 960 3323 1013 egre-

1742 1017 1848 1091 giis
1902 1018 2033 1073 viris
2074 1018 2527 1095 Ptolomaeo,
2577 1030 2647 1079 et
2696 1024 3133 1085 Turnamino
3170 1034 3323 1087 tenta

1745 1106 1901 1161 mina
1926 1122 2051 1163 mea
2080 1107 2351 1181 destinaS,
2382 1110 2530 1179 quod
2559 1111 2741 1167 Turn
2758 1114 3000 1187 amini,
3034 1120 3089 1171 et
3120 1118 3321 1173 Hart-

1743 1192 1954 1248 soeke
1968 1192 2025 1247 ri
2081 1194 2293 1251 litteras
2314 1197 2505 1251 mittis.
2574 1198 2804 1270 Utrique
2826 1202 3147 1275 respondeo,
3173 1210 3239 1260 et
3260 1210 3323 1261 ut

1738 1280 2151 1353 responsionem
2212 1299 2367 1337 cures
2416 1300 2569 1353 rogo.
2660 1287 2848 1358 Neque
2896 1288 3169 1361 ingratum
3220 1296 3322 1365 est,

1741 1367 1891 1438 quod
1919 1370 2323 1439 controversiae
2346 1386 2471 1425 cum
2498 1371 2982 1436 Hartsoekero
3012 1392 3165 1431 meae
3194 1393 3322 1449 par-

1739 1454 1964 1527 ticipem
2026 1455 2530 1513 Turnaminum
2592 1459 2743 1515 facis.
2834 1462 2971 1515 Ecce
3014 1461 3137 1529 jam
3188 1464 3323 1535 qnid

1737 1542 2025 1611 replicem:
2056 1558 2186 1597 nam
2207 1544 2615 1644 responsionem
2642 1546 3125 1621 Hartsoekeri,
3157 1566 3324 1622 quam

1737 1628 1957 1701 misisti,
1988 1629 2090 1684 tibi
2119 1629 2318 1685 lectam
2346 1636 2513 1703 puto,
2540 1632 2624 1688 sin
2654 1633 2852 1709 minus,
2884 1640 2979 1691 aut
2998 1636 3047 1691 si
3068 1637 3191 1741 ipse
3210 1654 3325 1693 non

1735 1715 1927 1787 mittit,
1956 1716 2387 1773 communicabo.

1825 1802 1987 1859 Nunc
2006 1802 2079 1859 ad
2088 1809 2209 1860 tuas
2230 1806 2574 1876 quaestiones
2587 1805 2762 1861 venio.
2810 1806 2885 1863 Et
2901 1809 3165 1883 primum,
3196 1828 3323 1869 cum

1739 1888 2082 1969 Entelechiae
2122 1897 2530 1961 repraesentent
2572 1893 2837 1948 materiae
2876 1898 3165 1968 organicae
3193 1916 3324 1955 con-

1737 1975 2115 2050 stitutionem,
2148 1980 2361 2033 tantam
2390 1979 2447 2033 in
2478 1979 2611 2050 ipsis
2642 1980 2963 2037 varietatem
2990 2000 3211 2040 necesse
3238 1991 3325 2042 est

1737 2079 1889 2136 esse,
1915 2068 2176 2133 quantam
2206 2064 2266 2120 in
2296 2064 2417 2139 ipsa
2445 2066 2674 2124 materia
2702 2068 3060 2144 percipimus,
3086 2087 3187 2126 nec
3218 2088 3327 2128 una

1741 2150 2055 2206 Entelechia
2094 2151 2251 2206 alteri
2304 2154 2539 2223 perfecte
2590 2152 2785 2207 similis
2836 2172 2961 2210 esse
3009 2162 3217 2229 potest:
3268 2163 3325 2216 et

1740 2237 2055 2293 Eutelechia
2093 2237 2209 2307 agit
2236 2240 2293 2293 in
2324 2241 2553 2295 materia
2582 2240 2875 2296 secundum
2906 2242 3076 2315 ipsius
3103 2247 3325 2319 exigen-

1739 2325 1896 2397 tiam,
1927 2324 2010 2379 ita
2036 2328 2101 2379 ut
2140 2328 2314 2381 status
2357 2328 2618 2382 materiae
2647 2343 2824 2384 novus
2877 2331 2952 2385 sit
2991 2348 3325 2405 consequens

1739 2416 1916 2467 status
1942 2410 2160 2483 prioris,
2190 2414 2486 2469 secundum
2506 2414 2653 2482 leges
2675 2419 2929 2487 naturae3
2963 2418 3107 2487 leges
3137 2423 3325 2499 autem

1739 2504 1971 2555 naturae
2012 2514 2109 2569 per
2137 2486 2473 2555 Entelecbias
2514 2502 2767 2557 effectum
2799 2519 2960 2558 suum
2988 2520 3325 2577 consequun-

1740 2592 1844 2642 tur.
1919 2584 2027 2641 Sed
2054 2589 2112 2640 et
2136 2586 2312 2656 ipsius
2342 2588 2690 2643 Entelechiae
2716 2594 2888 2644 status
2916 2606 3170 2661 praesens
3198 2610 3327 2650 con·

1743 2673 1988 2743 sequitur
2030 2688 2101 2727 ex
2142 2676 2287 2728 statu
2326 2674 2445 2742 ejus
2485 2676 2687 2746 priore.
2776 2677 2859 2731 De
2886 2679 3031 2733 trina
3062 2682 3327 2737 materiae
3376 2674 3379 2679 ’

1741 2760 2024 2831 superficie
2064 2758 2211 2829 quod
2250 2760 2427 2817 dicam
2471 2774 2581 2816 non
2624 2762 2829 2835 habeot,
2872 2764 2979 2819 nisi
3011 2766 3095 2821 vel
3125 2783 3324 2839 negan-

1741 2848 1875 2901 dum
1904 2846 2074 2900 ullam
2104 2846 2269 2901 talem
2300 2865 2416 2901 esse
2443 2851 2811 2922 superficiem,
2852 2852 2941 2906 vel
2978 2852 3049 2907 ad
3093 2855 3325 2911 miracu-

1741 2936 1858 2990 lum
1888 2933 2341 3006 confugiendum,
2386 2951 2497 3006 quo
2538 2953 2717 2992 massa
2746 2941 2890 2993 intra
2919 2945 3095 2997 certos
3122 2942 3327 2998 limites

1742 3025 2067 3077 coerceatur.
2090 3045 2161 3058 --
2196 3021 2333 3075 Cum
2362 3023 2757 3098 Dusseldorpii,
2785 3027 2843 3080 ni
2878 3028 3055 3106 fallor,
3086 3030 3199 3084 sint
3226 3029 3328 3084 ali-

1743 3106 1836 3180 qui
1868 3121 1943 3162 ex
1972 3104 2179 3160 familia
2218 3108 2287 3162 de
2331 3109 2371 3162 S
2378 3125 2530 3182 pee,
2572 3110 2698 3166 hinc
2734 3112 2895 3168 facile
2932 3114 3061 3170 sciri
3102 3117 3325 3190 poterit,

1743 3212 1816 3250 an
1845 3210 1957 3249 non
1994 3193 2063 3248 R.
2093 3191 2153 3248 P.
2185 3196 2585 3252 Fridericus
2623 3199 2795 3271 Spee
2835 3215 2907 3255 ex
2946 3202 3139 3257 eadem
3170 3203 3329 3258 fami·

1742 3283 1820 3338 lia
1849 3282 2039 3354 fuerit,
2066 3285 2123 3336 et
2153 3283 2297 3339 unde
2325 3285 2492 3340 fuerit
2519 3289 2693 3341 ortus.

1830 3370 2091 3436 Pergrata
2117 3376 2245 3426 sunt
2272 3387 2414 3442 quae
2442 3373 2511 3427 de
2549 3373 2762 3444 rejectis
2798 3375 3128 3446 quibusdam
3170 3374 3331 3445 Baji

1741 3455 2211 3530 propositionibus
2240 3474 2537 3532 memoras,
2580 3477 2717 3532 quas
2746 3478 2847 3534 ego
2862 3465 3043 3519 ettam
3070 3462 3331 3531 rejecere.

1743 3545 1858 3600 Nec
1887 3545 1950 3599 P.
1980 3543 2259 3616 Spejum
2296 3547 2547 3619 allegavi,
2578 3551 2732 3619 quasi
2761 3565 2911 3607 nova
2936 3553 3079 3606 inter
3104 3566 3203 3605 vos
3232 3551 3333 3606 do·
3410 3569 3419 3578 ·

1743 3636 1989 3701 centem,
2044 3631 2141 3684 sed
2185 3637 2446 3704 tanquam
2484 3641 2667 3691 vestra
2696 3638 2790 3708 pul
2942 3637 3328 3710 explicantem.

1743 3720 2031 3775 Caeterum
2080 3721 2267 3775 utrum
2317 3721 2515 3792 aliquis
2555 3727 2716 3779 extra
2754 3741 2847 3779 ves
2875 3741 2995 3780 ram
3034 3724 3333 3780 Ecclesiam

1741 3805 2065 3861 charitatem
2108 3821 2294 3862 veram
2324 3807 2527 3862 habere
2556 3811 2759 3882 possit,
2796 3811 2926 3865 facti
2956 3816 3039 3866 est
3064 3812 3331 3885 quaestio,

1743 3893 1895 3964 quod
1924 3892 2187 3964 possibile
2214 3895 2607 3968 praesumitur,
2638 3895 2811 3951 donec
2838 3898 3175 3952 contrarium
3202 3915 3333 3968 pro·

1747 3982 1935 4037 betur:
1975 3994 2119 4049 quae
2144 3980 2337 4052 Speji
2366 3981 2603 4055 inedita,
2630 3988 2729 4038 aut
2760 3984 2893 4039 mihi
2921 4001 3034 4040 non
3064 3985 3182 4040 visa
3210 4001 3334 4058 spe·

1747 4083 1875 4123 rare
1893 4065 2083 4135 jubes,
2124 4083 2337 4141 semper
2366 4071 2677 4142 gratissima
2706 4077 2884 4129 erunt.
2976 4073 3247 4127 Moralem
3276 4072 3335 4127 in

1749 4155 1850 4210 Ad
1864 4169 1964 4210 am
1979 4169 2041 4226 ο,
2085 4160 2183 4211 aut
2210 4157 2323 4211 alio
2352 4173 2703 4230 quocunque,
2760 4159 3015 4231 peccandi
3047 4161 3337 4216 necessita·-

1749 4247 1864 4298 tem
1892 4240 2087 4314 fuisse,
2128 4259 2233 4313 ego
2262 4260 2480 4317 quoque
2508 4261 2621 4301 non
2648 4245 2915 4318 dixerim,
2958 4247 3053 4302 sed
3082 4247 3187 4302 hoc
3214 4252 3337 4302 tan·

1749 4335 1894 4385 tum:
1948 4331 2313 4402 praevaluisse
2352 4333 2411 4387 in
2454 4349 2523 4388 eo
2563 4334 2973 4390 inclinationem
3014 4332 3084 4389 ad
3114 4349 3337 4406 peccau-

1747 4418 1911 4490 dum,
1956 4421 2015 4472 et
2040 4418 2181 4474 adeo
2208 4420 2852 4491 praedeterminationem
2878 4423 3121 4494 aliquam
3152 4423 3335 4494 fuisse,

1749 4505 1854 4560 etsi
1876 4521 1985 4560 non
1998 4506 2430 4563 nemitantem.
2474 4510 2614 4564 Illud
2626 4525 2882 4582 agnosco,
2904 4509 2964 4564 in
2988 4509 3105 4564 Deo
3128 4509 3339 4582 optime

1749 4591 1974 4665 agendi,
2014 4592 2076 4646 in
2114 4595 2451 4650 confirmatis
2490 4597 2773 4669 spiritibus
2814 4597 2955 4653 bene
2990 4596 3191 4668 agendi
3220 4611 3339 4650 mo-

1753 4680 1927 4735 ralem
1976 4695 2095 4734 esse
2144 4681 2534 4738 necessitatem.
2626 4684 2696 4739 Et
2732 4685 2795 4740 in
2823 4684 3143 4740 universum
3181 4697 3339 4738 voca-

1703 4769 1710 4867 1
1751 4767 1887 4822 bula
1922 4766 2003 4822 ita
2040 4766 2392 4838 interpretari
2428 4769 2649 4842 malim,
2690 4787 2763 4827 ne
2802 4771 2935 4842 quid
2962 4772 3336 4839 consequatur,

1752 4853 1901 4926 quod
1942 4853 2087 4909 male
2126 4859 2303 4910 sonet.
2392 4856 2581 4929 Itaque
2609 4863 2878 4930 praestat,
2916 4869 3193 4926 uunquam
3224 4869 3339 4907 mo·

1755 4941 1931 4997 ralem
1957 4955 2250 5010 agnoscere
2278 4945 2652 4998 necessitatem
2685 4945 2791 4998 nisi
2819 4944 2890 4998 ad
2922 4944 3156 5012 bonum,
3188 4940 3337 5012 quia,

1709 5010 1717 5176 il
1756 5043 1899 5170 guae
1926 5029 2073 5083 mala
2102 5033 2246 5102 sunt,
2278 5030 2581 5102 sapientem
2611 5045 2711 5084 nec
2740 5032 2918 5084 facere
2940 5045 3101 5101 posse
3120 5026 3339 5082 creden·-

1796 5129 1892 5172 πω
1920 5119 2020 5172 est.

2108 5113 2329 5206 Nescio,
2354 5133 2426 5173 an
2455 5118 2615 5172 aliter
2642 5115 2937 5188 aliquando
2966 5116 3175 5171 locutus
3204 5115 3341 5186 sim3
