3717 5850
346 305 431 373 72

343 462 488 518 strae
525 462 702 533 patet,
740 461 805 514 ut
842 456 998 514 nullo
1038 453 1206 513 modo
1247 454 1305 511 in
1358 454 1589 512 dubium
1627 453 1806 529 possit
1838 469 1928 510 re·

342 564 544 605 vocari.

432 635 491 691 2.
533 635 611 691 Ut
636 650 861 690 omnem
888 631 1361 707 praecipitantiam
1388 635 1553 704 atque
1579 629 1929 705 anticipatio-

342 740 472 783 nem
530 724 592 779 in
630 722 933 792 judicando
982 738 1155 794 quum
1206 720 1623 793 diligentissime
1672 720 1925 791 vitemus,

342 813 587 885 nihilque
604 813 1032 884 complectamur
1050 810 1112 865 in
1130 809 1479 867 conclusione
1498 808 1732 882 amplius
1760 823 1927 880 quam

341 900 493 976 quod
520 902 581 956 in
602 900 911 973 praemissis
939 900 1266 956 continetur.
1384 909 1391 914 '

432 990 489 1045 3.
534 988 613 1047 Ut
648 989 1013 1061 difficultates,
1042 1004 1181 1060 quos
1222 983 1591 1044 examinatur-i
1631 999 1821 1041 sumus
1862 982 1925 1039 in

339 1081 427 1135 tot
462 1082 647 1151 partes
684 1078 1025 1149 dividamus,
1063 1080 1200 1148 quot
1237 1074 1463 1149 expedit
1484 1133 1489 1139 ,
1508 1073 1582 1129 ad
1617 1072 1743 1129 illas
1770 1087 1920 1129 com-

339 1167 558 1225 modius
584 1166 948 1223 resolvendas.

434 1257 492 1311 4.
537 1254 615 1311 Ut
648 1254 1005 1328 cogitationes
1032 1266 1240 1323 omnes,
1280 1265 1416 1323 quas
1448 1248 1671 1307 veritati
1712 1248 1924 1323 impen-

338 1344 537 1417 dimuS,
588 1347 739 1399 certo
788 1357 1002 1414 semper
1050 1339 1245 1395 ordine
1293 1342 1739 1411 promoveantur,
1785 1337 1924 1393 inci·

334 1432 540 1507 piendo
587 1430 794 1487 scilieet
842 1446 879 1485 a
925 1427 1088 1485 rebus
1139 1426 1553 1501 simplicissimis
1601 1431 1658 1482 et
1700 1426 1924 1499 cognitu

335 1520 634 1594 facillimis,
686 1522 750 1574 ut
778 1516 857 1573 sic
883 1516 1167 1591 paulatim,
1208 1519 1266 1573 et
1294 1516 1452 1589 quasi
1478 1530 1576 1589 per
1603 1516 1820 1588 gradus,
1849 1514 1924 1571 ad

334 1607 703 1665 difficiliorum
752 1610 811 1662 et
858 1605 1037 1679 magis
1080 1604 1511 1679 compositorum
1550 1604 1924 1677 cognitionem

332 1696 704 1753 ascendamus.

424 1785 481 1839 5.
512 1784 591 1841 Ut
616 1784 680 1839 in
706 1782 945 1855 aliquem
974 1781 1143 1837 etiam
1164 1780 1415 1837 ordinem
1436 1782 1621 1836 mente
1648 1794 1715 1836 ea
1736 1779 1921 1854 dispo-

329 1889 545 1945 namus,
585 1887 728 1944 quae
776 1888 836 1927 se
877 1874 1071 1927 mutuo
1120 1886 1196 1927 ex
1234 1872 1433 1925 natura
1481 1884 1583 1925 sua
1618 1884 1735 1924 non
1763 1860 1922 1942 prae-

332 1962 550 2019 cedunt.

421 2050 478 2105 6.
524 2049 602 2105 Ut
628 2052 749 2103 tum
776 2046 840 2103 in
866 2044 1191 2119 quaerendis
1210 2044 1423 2118 mediis,
1452 2049 1571 2101 tum
1598 2044 1659 2101 in
1688 2045 1920 2101 difficul-

329 2142 510 2195 tatum
558 2136 806 2211 partibus
854 2134 1226 2209 percmrendis
1266 2138 1382 2190 tam
1419 2137 1655 2207 perfecte
1702 2134 1917 2207 singula

328 2241 728 2299 enumeremus,
758 2222 817 2281 et
843 2224 915 2280 ad
954 2223 1145 2280 omnia
1182 2222 1697 2296 circumspiciamus,
1738 2228 1802 2280 ut
1829 2223 1916 2279 ni-

328 2315 405 2373 hil
435 2330 472 2371 a
490 2314 655 2371 nobis
676 2312 863 2369 omitti
890 2314 1025 2369 certi
1052 2312 1239 2369 simus.

414 2404 553 2460 Cum
580 2406 766 2459 autem
793 2418 922 2457 usus
949 2402 1145 2457 harum
1172 2399 1619 2457 observationum
1652 2400 1726 2457 ab
1754 2416 1912 2457 exer-

326 2492 588 2549 citatione
608 2491 853 2547 maxime
872 2490 1125 2563 pendeat,
1148 2490 1457 2547 consultum
1486 2493 1586 2563 est,
1618 2493 1682 2545 ut
1704 2490 1784 2546 ad
1811 2489 1912 2545 has

325 2580 539 2653 regulas
586 2579 649 2635 in
698 2594 860 2635 usum
908 2578 1221 2635 referendas
1270 2578 1364 2634 diu
1402 2594 1506 2634 nos
1555 2577 1616 2633 in
1656 2577 1908 2634 facilibus

324 2667 767 2743 simplicibusque
804 2667 1231 2741 quaestionibus,
1268 2665 1573 2737 cuiusmodi
1622 2671 1752 2722 sunt
1794 2682 1912 2722 ma-

324 2758 674 2830 thematicae,
734 2771 1109 2829 exemmus,
1162 2754 1251 2811 cui
1300 2755 1397 2811 fini
1466 2755 1617 2811 utilis
1664 2756 1908 2828 Algebra

323 2851 428 2905 est.
495 2845 569 2901 Et
603 2849 897 2919 postquam
934 2844 997 2899 in
1030 2844 1262 2901 veritate
1296 2845 1491 2901 harum
1528 2844 1908 2917 quaestionum

324 2935 641 3008 detegenda,
682 2934 927 3006 aliquam
966 2933 1285 2990 facilitatem
1312 2935 1460 2990 nacti
1490 2933 1709 3006 erimus,
1762 2934 1906 2990 serio

324 3041 427 3080 nos
468 3023 869 3098 applicabimus
906 3038 1069 3078 verae
1106 3022 1497 3096 philosophiae,
1538 3023 1641 3078 hoc
1680 3026 1766 3078 est
1793 3027 1905 3078 stu·

323 3112 419 3168 dio
460 3112 780 3185 sapientiae.
868 3111 1043 3168 Porro
1085 3111 1222 3167 haec
1258 3111 1603 3185 philosophia
1640 3111 1790 3168 velut
1817 3127 1905 3167 ar-

323 3201 429 3258 bor
464 3205 564 3272 est,
606 3199 761 3270 cujus
801 3199 1011 3256 radices
1049 3199 1449 3274 metaphysica,
1505 3204 1726 3256 truncus
1764 3200 1904 3272 phy—

296 3289 451 3362 sica,
482 3289 625 3346 rami
646 3304 721 3344 ex
748 3305 815 3346 eo
844 3288 1174 3362 pullulantes
1212 3303 1405 3344 omnes
1442 3288 1587 3344 aliae
1623 3287 1900 3361 scientiae,

320 3393 463 3450 quae
510 3377 583 3433 ad
632 3380 745 3446 tres
793 3378 1079 3451 praecipue
1108 3380 1464 3450 revocantur,
1508 3375 1901 3450 Mechanicam,

320 3465 657 3523 Medicinam
704 3471 764 3521 et
813 3465 1079 3522 Ethicam.
1178 3464 1327 3521 Utile
1369 3469 1554 3521 autem
1604 3464 1710 3521 erit
1758 3465 1904 3521 hunc

320 3555 612 3612 observare
638 3553 699 3609 in
749 3553 944 3610 studiis
984 3553 1239 3626 modum,
1290 3557 1355 3610 ut
1392 3569 1589 3627 liaucas
1628 3553 1791 3610 horas
1830 3553 1903 3608 iis

318 3643 515 3701 studiis
542 3643 753 3716 demuS,
782 3659 921 3716 quae
962 3642 1413 3715 imaginationem
1452 3647 1723 3716 exercent,
1768 3658 1904 3717 pau-

316 3731 565 3789 cissimas
592 3731 720 3804 illis,
752 3747 893 3804 quae
920 3733 1042 3787 solo
1070 3731 1349 3788 intellectu
1386 3731 1776 3804 percipiuntur,
1815 3748 1902 3788 re-

317 3821 528 3893 liquum
555 3825 773 3894 tempus
799 3820 947 3876 vitae
974 3824 1031 3877 et
1056 3819 1374 3876 relaxandis
1411 3820 1660 3877 sensibus
1696 3824 1755 3876 et
1782 3836 1902 3876 cor-

315 3909 465 3982 poris
514 3908 791 3964 exercitiis
842 3912 899 3964 et
948 3909 1124 3964 animi
1186 3909 1359 3981 quieti
1408 3909 1628 3979 demus3
1680 3913 1900 3964 tantum

314 3996 466 4052 enim
508 3997 699 4070 abest,
751 4001 815 4052 ut
864 3996 1145 4069 ingenium
1196 4001 1445 4053 nostrum
1493 3997 1670 4052 nimio
1719 3997 1904 4054 studio

314 4083 667 4158 perpoliatm3
710 4089 776 4140 ut
810 4088 1002 4140 contra
1030 4085 1105 4142 ab
1132 4101 1201 4140 eo
1230 4084 1583 4142 obtundatur.

962 4265 1147 4324 PARS
1182 4265 1247 4322 ll.

820 4367 939 4436 DE
987 4367 1386 4437 VIRTU'PE.

396 4523 639 4580 Virtus
688 4529 773 4581 est
824 4526 982 4600 vigor
1019 4525 1244 4598 quidam
1284 4523 1503 4598 mentis,
1546 4540 1656 4597 quo
1708 4525 1781 4582 ad
1830 4542 1898 4582 ea

308 4627 448 4685 quae
474 4612 624 4670 bona
652 4629 771 4670 esse
796 4612 1067 4670 credimus
1095 4613 1345 4669 facienda
1372 4613 1612 4670 ferimur.

395 4700 476 4757 Ut
502 4717 633 4756 vero
664 4700 937 4757 discamus
966 4705 1117 4758 certo
1154 4701 1372 4757 {innare
1409 4702 1749 4759 voluntatem
1791 4720 1896 4760 no-

305 4794 477 4846 stram
518 4789 591 4844 ad
630 4787 939 4861 dirigendas
990 4790 1233 4847 actiones
1272 4793 1489 4846 noea-as
1526 4791 1588 4846 in
1626 4808 1695 4848 eo
1744 4793 1894 4849 vitae

304 4895 519 4952 genere,
560 4877 707 4950 quod
750 4879 1094 4952 profitemur,
1146 4883 1430 4952 sequentes
1479 4880 1892 4938 observationes

302 4965 706 5025 observandae:

396 5057 450 5112 1.
494 5055 632 5113 Oum
660 5054 915 5112 voluntas
952 5073 1069 5114 non
1119 5056 1511 5114 determinetur
1558 5057 1631 5114 ad
1678 5057 1890 5132 aliquid

1610 310 1702 373 v1.
1746 310 1849 369 DE
1878 311 2057 371 vrrA
2082 308 2347 369 BEATA.

2027 452 2306 509 intellectu
2348 449 2637 508 exhibetur
2683 455 2948 526 tanquam
2990 451 3198 509 bonum
3245 453 3333 509 vel
3383 452 3616 527 malum,

2025 541 2271 613 sufficiet,
2311 538 2360 595 si
2397 555 2613 615 sempa·
2649 545 2796 598 recte
2827 540 3154 615 judicemus,
3195 544 3259 599 ut
3295 546 3442 599 recte
3471 557 3618 599 sem-

2025 646 2124 704 per
2145 629 2426 686 faciamus.

2115 717 2175 773 2.
2217 716 2446 783 Quoties
2495 716 2641 773 circa
2677 716 2902 790 aliquid,
2953 717 3089 789 quid
3127 734 3318 775 revera
3355 719 3431 775 sit
3461 719 3612 793 opti·

2025 822 2197 879 mum,
2229 820 2524 879 agnoscere
2561 821 2676 861 non
2713 822 3021 879 possumus,
3059 806 3201 863 illud
3227 807 3488 865 debemus
3521 824 3615 863 se-

2025 894 2122 968 qui
2161 894 2310 968 quod
2337 893 2612 968 optimum
2647 894 2880 967 videtur,
2911 894 3000 950 vel
3027 898 3174 951 certe
3199 896 3306 952 etsi
3333 914 3366 953 e
3393 897 3615 954 duobus

2023 999 2198 1040 unum
2237 983 2412 1039 altas-o
2453 981 2803 1038 verisimilius
2829 999 2946 1039 non
2971 987 3254 1057 appareat,
3283 985 3616 1041 alterutrum

2024 1077 2211 1129 tamen
2237 1070 2452 1144 eligere.
2506 1069 2622 1127 Nec
2647 1087 2780 1127 vero
2809 1075 2911 1144 est,
2949 1087 3048 1127 cur
3071 1073 3414 1145 poenitentia
3441 1075 3612 1131 duea-

2023 1164 2140 1234 tur,
2183 1159 2278 1233 qui
2315 1159 2456 1215 illud
2495 1159 2641 1231 fecit,
2671 1160 2821 1232 quod
2857 1160 3130 1233 optimum
3169 1178 3286 1233 esse
3318 1160 3613 1235 judicavit,

2022 1266 2092 1306 eo
2131 1254 2378 1322 tempore
2419 1262 2532 1320 quo
2579 1264 2639 1304 se
2685 1247 2759 1305 ad
2793 1248 3068 1305 actionem
3116 1250 3478 1307 ‹letemiinare
3515 1252 3616 1307 de·

2022 1336 2172 1411 buit,
2213 1350 2550 1410 quamquam
2575 1336 2726 1393 idem
2761 1342 2956 1411 postea
2991 1354 3116 1393 cum
3145 1338 3265 1395 otio
3301 1356 3485 1396 secum
3523 1356 3616 1396 re-

2021 1430 2220 1501 putans
2257 1442 2318 1482 se
2353 1440 2564 1481 masse
2592 1424 2832 1499 judicet,
2873 1426 2992 1483 imo
3027 1426 3075 1481 si
3113 1444 3204 1484 res
3241 1428 3455 1485 felicem
3490 1444 3608 1484 non

2021 1514 2283 1572 sortiatur
2345 1528 2668 1570 successum.
2743 1514 3070 1571 Nostrarum
3117 1515 3268 1573 enim
3335 1517 3604 1573 duntaxat

2019 1602 2416 1678 cogitationum
2467 1602 2550 1659 rei
2599 1603 2786 1677 peragi
2837 1620 3151 1678 posumus,
3211 1620 3388 1678 neque
3437 1623 3602 1679 porro

2020 1696 2219 1749 natura
2255 1690 2498 1748 hominis
2537 1706 2604 1747 ea
2645 1696 2756 1765 est,
2807 1696 2872 1749 ut
2909 1691 3100 1749 omnia
3125 1692 3278 1768 sciat,
3321 1699 3602 1768 praeterea

2021 1782 2192 1838 etiam
2219 1780 2433 1855 optima
2467 1778 2700 1835 consilia
2723 1796 2842 1837 non
2879 1798 3095 1855 semper
3121 1782 3432 1839 felicissima
3457 1787 3600 1839 sunt.

2112 1870 2169 1925 3.
2211 1868 2292 1925 Ut
2315 1868 2692 1926 abstineamus
2718 1886 2755 1925 a
2773 1867 2986 1938 judicio
3015 1871 3238 1927 ferendo
3265 1871 3336 1927 de
3364 1887 3602 1944 quacun-

2019 1972 2126 2031 que
2153 1974 2216 2015 re
2242 1972 2384 2030 quae
2409 1958 2574 2015 nobis
2609 1957 2926 2031 exhibetur,
2957 1958 3222 2031 quamdiu
3258 1960 3600 2033 pusionibus

2017 2052 2077 2102 et
2103 2046 2348 2103 maxime
2373 2045 2460 2101 ira
2479 2044 2770 2120 agitamur,
2801 2046 2890 2103 vel
2917 2046 2966 2102 si
2995 2048 3096 2103 hoc
3123 2064 3238 2105 non
3265 2048 3384 2104 fieri
3402 2050 3592 2121 posit,

2017 2138 2084 2190 ut
2127 2148 2420 2207 sequamur
2453 2134 2698 2190 rationes
2743 2135 3047 2192 contrarias
3085 2136 3211 2209 illis,
3239 2151 3376 2209 quas
3416 2137 3602 2210 passio

2015 2224 2278 2296 suggerit,
2322 2222 2426 2280 etsi
2463 2222 2648 2281 minus
2685 2222 2905 2279 validae
2941 2228 3254 2298 appareant.
3321 2226 3602 2291 Quoniam

2014 2312 2240 2367 affectus
2271 2312 2438 2384 bona,
2474 2327 2616 2384 quae
2646 2311 2808 2367 nobis
2837 2312 3094 2385 offerunt,
3130 2330 3348 2387 semper
3383 2314 3602 2383 maiora

2011 2404 2437 2473 repraesentant,
2478 2416 2618 2473 quae
2646 2404 2838 2473 postea
2861 2416 2898 2457 a
2935 2402 3100 2458 nobis
3131 2420 3230 2475 spe
3257 2402 3472 2459 minora
3499 2403 3600 2459 de-

2012 2489 2274 2562 prehendi
2300 2489 2498 2545 solent.
2545 2489 2684 2545 Gum
2722 2488 2890 2563 igitur
2923 2490 3134 2546 nullam
3171 2492 3408 2565 amplius
3431 2491 3602 2547 iidem

2010 2576 2308 2634 habeamus
2347 2577 2418 2650 ei,
2447 2594 2484 2633 a
2511 2592 2622 2650 quo
2657 2577 2945 2650 aliquoties
2973 2578 3184 2653 decepti
3225 2580 3443 2653 fuimus»,
3467 2580 3604 2635 licet.

2009 2681 2178 2738 quam
2205 2665 2562 2723 blandissime
2599 2666 2886 2722 nobiscum
2921 2670 3076 2742 agat,
3117 2667 3198 2725 sic
3233 2668 3386 2724 nulla
3423 2668 3604 2724 tutior

2006 2758 2199 2810 contra
2237 2755 2462 2811 affectus
2503 2754 2712 2828 cautio,
2753 2770 2922 2829 quam
2971 2759 3059 2829 ut,
3107 2756 3209 2814 ubi
3255 2756 3488 2813 sentitur
3527 2772 3604 2812 ea

2006 2842 2288 2916 sanguinis
2307 2844 2626 2916 commotiO,
2647 2844 2990 2917 praemoneri
3011 2860 3076 2899 ac
3097 2844 3410 2901 meminisse
3429 2862 3602 2918 opor-

2005 2936 2148 3005 teat,
2189 2933 2380 2990 omnia
2427 2947 2568 3005 quae
2620 2951 2680 2988 se
2725 2933 3109 3007 imaginationi
3157 2935 3423 3006 offerunt,
3473 2951 3600 2991 non

2006 3021 2118 3078 alio
2143 3025 2407 3095 spectare,
2438 3037 2606 3094 quam
2633 3021 2704 3077 ad
2745 3022 2966 3078 animae
2992 3023 3366 3096 deceptionem
3393 3039 3606 3096 augen-

2005 3109 2210 3182 dasque
2259 3109 2494 3166 nimium
2552 3109 2820 3184 rationes,
2873 3127 3014 3184 quae
3053 3111 3328 3181 objectum
3365 3114 3602 3168 affectus

2003 3199 2410 3271 commendant,
2443 3203 2540 3256 aut
2563 3200 2868 3256 contrarias
2895 3199 3277 3257 debilitandas.

2098 3289 2156 3343 4.
2172 3287 2358 3362 Quod,
2387 3289 2638 3360 quamvis
2657 3289 2838 3360 quivis
2865 3293 3116 3345 nostrum
3137 3306 3430 3362 personam
3457 3307 3602 3346 con-

2002 3375 2184 3433 stituit
2232 3377 2357 3432 aliis
2405 3376 2676 3432 diversam
2691 3415 2708 3449 ,
2757 3377 3114 3434 nihilominus
3151 3379 3390 3452 cogitare
3427 3379 3604 3435 debe-

2003 3481 2142 3538 mus,
2171 3481 2287 3522 non
2315 3481 2476 3538 posse
2502 3465 2817 3538 quempiam
2845 3483 2945 3539 per
2979 3483 3039 3523 se
3065 3467 3247 3524 solum
3275 3468 3602 3538 consistere,

2004 3553 2101 3610 sed
2128 3553 2340 3627 concipi
2373 3569 2816 3626 unumquemque
2843 3554 3044 3612 debere
3063 3556 3214 3612 velut
3229 3560 3440 3630 partem
3465 3557 3604 3611 uni-

2004 3642 2151 3699 versi
2189 3647 2246 3698 et
2273 3639 2436 3712 hujus
2464 3642 2812 3716 reipublicae,
2843 3644 3142 3718 societatis,
3173 3645 3432 3718 familiae,
3465 3645 3604 3718 qui—

2003 3747 2129 3787 cum
2178 3734 2332 3805 ortu,
2375 3730 2656 3787 domicilio
2689 3737 3030 3791 sacramento
3065 3733 3342 3804 conjuncti
3383 3749 3604 3788 sumus.

2003 3819 2148 3876 Hinc
2175 3819 2325 3875 enim
2353 3820 2606 3893 voluptas
2645 3821 2810 3878 nobis
2849 3821 2970 3895 erit,
3015 3823 3274 3880 omuibus
3312 3822 3604 3896 prodesse,

2001 3909 2134 3980 quia
2159 3908 2346 3981 totius,
2385 3907 2540 3978 cujus
2567 3925 2696 3982 pars
2723 3924 2925 3984 sumus,
2955 3911 3164 3967 bonum
3192 3913 3406 3985 privato
3435 3913 3605 3968 bono

2001 3997 2165 4054 debet
2193 3997 2472 4070 anteponi.
2536 3997 2683 4062 Quin
2721 4003 2778 4054 et
2815 3999 2919 4055 hoc
2956 4004 3145 4056 nostra
3173 4015 3388 4074 quoque
3416 4001 3606 4056 inter-

2001 4085 2133 4156 erit3
2161 4089 2370 4141 certum
2407 4090 2492 4142 est
2531 4086 2680 4142 enim
2717 4103 2839 4159 eos,
2892 4087 2988 4161 qui
3028 4089 3257 4145 officiosi
3296 4089 3602 4161 habentur,

2001 4173 2176 4229 multa
2201 4174 2373 4230 etiam
2401 4174 2476 4231 ab
2505 4174 2646 4248 aliis,
2678 4176 2846 4231 etiam
2873 4177 3072 4249 quibus
3099 4193 3216 4234 non
3243 4180 3602 4252 momen-unt,

1999 4261 2177 4320 amica
2197 4261 2462 4318 officiacia
2479 4263 2737 4338 accipere,
2767 4264 3090 4339 laboresque
3109 4282 3249 4339 quos
3266 4266 3327 4322 in
3349 4266 3608 4323 aliorum

1999 4351 2235 4423 gratiam
2283 4351 2605 4425 suscipiant,
2649 4353 2891 4410 minores
2931 4371 3050 4411 esse
3087 4370 3254 4427 quam
3293 4356 3608 4412 commoda

1999 4455 2140 4512 quae
2187 4455 2261 4497 ex
2309 4457 2501 4498 eorum
2550 4442 2795 4498 amicitia
2846 4443 3166 4516 percipiunt.
3254 4444 3382 4500 Non
3433 4444 3607 4500 enim

1998 4533 2384 4601 exspectantur
2409 4546 2446 4585 a
2473 4531 2636 4586 nobis
2663 4531 2772 4585 nisi
2799 4533 2982 4588 officia
3009 4549 3093 4603 ea,
3123 4548 3266 4606 quae
3295 4535 3608 4590 commode

1995 4622 2614 4692 possumuspraestare,
2654 4629 2832 4691 neque
2873 4619 2986 4676 alia
3023 4621 3096 4677 ab
3139 4621 3264 4677 aliis
3301 4625 3606 4694 exspecta-

1995 4721 2150 4778 mass,
2189 4721 2353 4778 saepe
2404 4711 2588 4762 uunen
2627 4707 2746 4763 fieri
2771 4711 3087 4784 potest,'ut
3124 4709 3273 4782 quod
3311 4711 3438 4766 aliis
3481 4712 3608 4765 mi—

1993 4795 2148 4850 nimo
2187 4798 2429 4870 constat,
2472 4795 2634 4853 nobis
2663 4797 2907 4854 maxime
2949 4798 3148 4872 prosit,
3179 4799 3294 4858 imo
3323 4804 3380 4856 et
3405 4799 3608 4856 vitam

1990 4899 2206 4939 servare
2225 4882 2422 4955 possit.

2083 4971 2139 5026 5.
2184 4973 2325 5028 Sunt
2349 4973 2618 5057 quaedam
2653 4990 2740 5031 res
2779 4972 2842 5030 in
2881 4973 3080 5047 quibus
3121 4977 3270 5049 vulgi
3321 4977 3607 5050 exemplo

1987 5059 2174 5134 potius
2213 5066 2270 5126 et
2317 5062 2734 5136 consuetudine,
2785 5079 2954 5136 quam
3002 5066 3118 5120 ulla
3165 5069 3314 5121 certa
3361 5066 3608 5123 ratione

302 5145 733 5218 persequendum
776 5144 863 5202 vel
892 5145 1227 5220 fugiendum,
1266 5145 1375 5202 nisi
1414 5149 1681 5219 quatenus
1718 5147 1770 5204 ei
1810 5149 1886 5206 ab
1989 5148 2254 5224 ducimur,
2295 5150 2441 5208 unde
2477 5153 2557 5224 fit,
2602 5154 2666 5208 ut
2703 5151 2843 5209 illud
2883 5152 3034 5210 idem
3068 5143 3216 5225 quod
3257 5153 3422 5210 nobis
3467 5171 3608 5214 ma—
