3717 5850
453 585 732 642 literarum
789 583 852 638 in
907 580 1200 655 alphabeto
1237 579 1312 636 sit
1359 577 1658 635 variabilis.

454 673 634 730 Com.
659 673 722 728 in
739 671 960 744 Sphaer.
987 669 1130 726 Joh.
1151 666 1232 725 de
1249 668 1458 724 Sacro
1485 667 1704 723 Bosco
1731 673 1848 739 cap.
1868 665 1923 720 1.

455 777 580 836 pag.
611 762 712 818 36.
745 759 846 814 23.
872 755 1633 830 liter-arumlingmelatinae
1669 753 1926 812 dicitva-

457 849 721 908 riationes
747 865 864 906 esse
897 843 1925 903 25852016738884976640000.

457 939 549 998 0111
573 943 764 995 nostra
789 937 1082 993 assentitur
1117 933 1470 1008 computatio.
1504 933 1605 989 24.
1643 932 1927 988 literarum

459 1026 818 1084 Germanicae
853 1025 1072 1098 linguae
1109 1023 1444 1080 variationes
1480 1021 1928 1077 Lam-ember-

459 1117 610 1190 gius
627 1109 1740 1188 assignavit620448397827051993.
1769 1110 1931 1178 Ery-

459 1205 608 1262 cius
633 1205 980 1260 Puteanus
1007 1202 1154 1258 dicto
1181 1200 1390 1272 libello,
1423 1197 1931 1255 62044801733-

464 1290 1005 1350 239439360000.
1071 1290 1152 1345 Α1
1187 1288 1528 1344 chricus
1563 1287 1648 1344 ab
1689 1287 1929 1342 Etten:

462 1377 1508 1438 620448593438860613360000
1547 1391 1740 1432 omnes
1779 1375 1934 1446 justo

459 1471 759 1545 pauciores.
813 1468 1088 1524 Numerus
1113 1481 1292 1538 verus,
1314 1469 1378 1521 ut
1403 1465 1466 1521 in
1493 1465 1682 1523 tabula
1703 1464 1796 1521 lv.
1817 1481 1935 1521 ma·

461 1560 740 1631 nifestum,
781 1561 867 1612 est
903 1557 1018 1612 hicx
1073 1554 1935 1612 6204484017332394393-

465 1647 700 1704 60000.
787 1645 993 1702 Omnes
1043 1645 1108 1700 111
1147 1662 1216 1701 90
1249 1645 1609 1717 conveniunt,
1649 1643 1797 1715 quod
1835 1657 1937 1700 nu-

461 1735 600 1791 meri
639 1734 879 1791 initiales
915 1733 1057 1789 sinte
1101 1733 1378 1790 620448.
1447 1733 1754 1790 Puteaneae
1789 1747 1937 1788 com-

461 1822 766 1900 putationis
791 1839 946 1879 error
971 1838 1086 1878 non
1115 1821 1314 1878 mentis
1351 1821 1450 1877 sed
1485 1821 1684 1878 calami
1721 1821 1810 1876 vel
1849 1825 1935 1891 ty·

463 1929 663 1988 porum
689 1928 806 1968 esse
831 1911 1067 1984 videtur,
1087 1910 1228 1966 nihil
1253 1909 1405 1966 aliud
1431 1911 1598 1983 euim,
1627 1925 1794 1982 quam
1812 1910 1938 1966 loco

369 2004 446 2063 15
472 2002 606 2058 'imo
654 2016 912 2057 numerus
943 2001 998 2056 4.
1039 2003 1123 2056 est
1173 1999 1416 2056 omissus.
1500 1994 1704 2076 (Aliud
1753 2002 1939 2055 autem

466 2095 595 2148 sunt
622 2089 970 2160 variationes,
1001 2089 1151 2144 aliud
1177 2103 1437 2144 numerus
1463 2103 1661 2144 vocum
1691 2103 1764 2144 ex
1791 2087 1939 2144 datis

465 2177 642 2236 literis
668 2177 1138 2252 compouibilium.
1186 2177 1340 2242 Quae
1365 2174 1514 2234 enim
1542 2191 1656 2234 vox
1687 2175 1788 2232 23.
1818 2175 1940 2232 lite-

467 2281 654 2326 rarum
681 2267 796 2324 esti
854 2267 976 2323 lmo
1013 2269 1428 2339 quantacunque
1467 2265 1559 2338 sit,
1589 2265 1941 2322 inveniantur

468 2371 660 2414 omnes
685 2354 1093 2429 complexiones
1124 2354 1225 2410 23.
1253 2369 1453 2427 rerum,
1481 2354 1546 2410 in
1571 2354 1812 2428 singulas
1839 2354 1941 2410 du·

467 2450 663 2502 cantur
688 2445 1020 2501 variationes
1047 2443 1356 2514 suaejuxta
1377 2441 1554 2516 probi.
1583 2443 1638 2498 2.
1659 2458 1809 2500 num.
1837 2443 1938 2499 59.

467 2533 792 2607 productum
818 2533 926 2590 erit
951 2549 1206 2590 numerus
1231 2531 1482 2589 omnium
1507 2547 1704 2588 vocum
1727 2532 1942 2588 nullam

467 2623 686 2680 literam
722 2622 1014 2696 repetitam
1049 2621 1384 2678 habentium.
1452 2620 1534 2677 At
1553 2621 1830 2690 habentes
1855 2638 1943 2677 re-

469 2711 648 2784 perire
684 2710 903 2767 docebit
939 2710 1225 2784 problema
1255 2711 1340 2780 6.)
1400 2710 1572 2767 Porro
1620 2713 1806 2766 tantm
1851 2709 1943 2766 hic

470 2815 728 2856 numerus
765 2803 880 2871 est,
921 2804 1012 2872 ut,
1051 2800 1157 2855 etsi
1197 2803 1344 2855 totus
1392 2798 1588 2872 globus
1625 2803 1941 2870 ten-aqueus

469 2887 678 2945 solidus
705 2887 1118 2961 cirumquaque
1153 2892 1310 2962 esset,
1351 2891 1408 2945 et
1445 2887 1670 2945 cuilibet
1704 2887 1941 2962 spatiolo

471 2978 638 3035 homo
665 2977 957 3051 insisteret,
997 2982 1058 3033 91
1095 2978 1404 3050 quotanniS,
1444 2976 1562 3033 imo
1590 2976 1818 3051 singulis
1845 2978 1943 3034 ho-

471 3066 552 3123 ris
579 3069 920 3123 morerentur
946 3080 1138 3123 omnes
1165 3066 1462 3139 sun-ogatis
1498 3066 1688 3139 novis3
1725 3081 1943 3123 summa

474 3154 724 3211 omnium
750 3155 824 3211 ab
852 3154 1014 3211 initio
1052 3154 1243 3211 mundi
1281 3156 1354 3211 ad
1393 3156 1557 3212 finem
1595 3172 1765 3228 usque
1803 3154 1944 3210 mul·-

475 3247 598 3299 tum
623 3244 882 3301 abfutura
911 3242 1011 3299 sit.
1051 3248 1116 3299 ut
1141 3244 1222 3299 ait
1249 3243 1641 3301 Harsdorff.
1681 3244 1736 3300 d.
1766 3243 1804 3298 l.
1833 3242 1945 3298 He-

249 3364 256 3371 ·
379 3326 457 3386 16
475 3332 624 3405 giam
644 3332 966 3402 Olynthium
987 3333 1255 3389 Graecum
1275 3332 1484 3389 dudum
1502 3332 1787 3389 censuisse.
1839 3332 1943 3389 His

473 3420 1028 3493 contemplationibus
1075 3437 1202 3477 cum
1239 3436 1414 3495 nuper
1463 3421 1670 3479 amicus
1718 3420 1944 3494 quidam

476 3508 758 3581 objiceret,
788 3508 867 3564 ita
893 3508 1066 3582 sequi,
1095 3514 1160 3566 ut
1196 3510 1337 3568 liber
1363 3528 1482 3568 esse
1518 3510 1693 3585 possit
1727 3510 1791 3566 in
1831 3525 1943 3583 quo

477 3597 667 3655 omnia
701 3596 903 3669 scripta
949 3598 1338 3673 scribentisque
1381 3600 1754 3656 inveniantur:
1797 3598 1945 3655 Tum

475 3702 607 3760 ego:
635 3691 693 3743 et
721 3688 912 3759 fateor,
943 3687 1185 3760 inquam,
1229 3689 1324 3743 sed
1356 3688 1556 3761 legenti
1596 3687 1790 3760 grandi
1825 3704 1945 3743 om-

476 3776 613 3832 nino
641 3775 816 3831 fulcro
843 3792 984 3849 opus
1010 3779 1110 3847 est,
1139 3792 1206 3831 ac
1229 3792 1422 3832 vereor
1447 3791 1519 3831 ne
1555 3776 1748 3833 orbem
1773 3780 1944 3831 terra-

476 3881 603 3924 rum
658 3864 952 3938 opprimat.
1030 3864 1312 3938 Pulpitum
1359 3868 1546 3921 tamen
1601 3864 1943 3921 commodius

477 3969 594 4009 non
653 3952 926 4010 inveneris
983 3952 1242 4010 cornibus
1292 3952 1548 4009 animalis
1599 3952 1778 4025 illius,
1831 3968 1943 4026 quo

479 4041 835 4097 Muhamed
915 4042 977 4097 in
1049 4042 1264 4099 coelum
1329 4044 1516 4098 vectus
1583 4056 1782 4097 arcana
1859 4058 1945 4098 re-

477 4144 604 4186 rum
640 4128 978 4201 exploravit,
1029 4144 1260 4202 quorum
1297 4129 1730 4203 magnitudinem
1767 4134 1826 4186 et
1862 4130 1947 4186 di-

480 4216 742 4273 stantiam
780 4216 1043 4273 Alcorani
1079 4218 1299 4273 oracula
1345 4218 1554 4275 dudum
1591 4218 1945 4275 tradiderunt.

385 4304 459 4366 17
481 4306 692 4362 Vocum
745 4305 997 4360 0111011101
1051 4320 1125 4361 ex
1181 4305 1368 4378 paucis
1423 4306 1599 4363 literis
1653 4307 1947 4364 orientium

481 4394 738 4467 exemplo
787 4393 860 4449 ad
909 4393 1291 4453 declarandam
1329 4394 1598 4467 originem
1643 4412 1827 4453 rerum
1876 4413 1949 4453 ex

483 4482 685 4539 atomis
723 4498 854 4539 usus
893 4486 978 4539 est
1015 4498 1089 4539 ex
1127 4482 1375 4539 doctrina
1411 4484 1804 4542 Democriti
1831 4485 1949 4558 ipse

482 4571 776 4628 Aristot.
813 4572 865 4627 l.
895 4570 966 4627 dc
993 4571 1132 4629 Gen.
1173 4576 1232 4629 et
1269 4572 1419 4629 Corr.
1463 4576 1598 4629 text.
1644 4574 1700 4630 5.
1731 4578 1788 4630 et
1824 4574 1949 4630 illu-

482 4660 648 4716 strius
675 4658 773 4717 lib.
813 4661 864 4716 1.
893 4658 1130 4735 Metaph.
1159 4677 1205 4717 c.
1241 4662 1296 4717 4.
1336 4661 1434 4718 ubi
1477 4661 1558 4717 ait
1593 4680 1666 4719 ex
1705 4664 1950 4719 Demo-

451 4769 456 4779 ·
481 4749 698 4819 crito,
725 4748 960 4805 Atomos
987 4750 1206 4806 differre
1233 4733 1538 4823 σχήματι
1565 4751 1624 4808 1(1
1653 4757 1736 4809 est
1761 4752 1949 4826 figura,

483 4838 568 4896 uti
595 4837 780 4894 literas
809 4837 862 4893 A
887 4842 946 4895 et
971 4837 1054 4911 Ν·
1085 4820 1268 4899 &aest
1295 4838 1356 4895 id
1381 4842 1468 4895 eet
1495 4841 1620 4912 situ,
1649 4841 1734 4897 uti
1762 4841 1951 4897 literas

483 4926 711 4985 NetZ.
739 4927 788 4982 si
827 4927 978 4985 enim
1017 4928 1250 4984 alatere
1263 4928 1520 5031 aspicias
1559 4930 1831 4987 alterain
1872 4930 1951 4985 al-

481 5022 659 5079 teram
693 5018 1149 5089 commutabitur,
1192 4998 1372 5082 τοίξει
1395 5018 1456 5073 id
1483 5022 1569 5074 est
1595 5018 1789 5075 ordine
1817 5036 1869 5073 v.
1898 5038 1949 5091 g.

481 5104 738 5176 syllabae
764 5106 910 5180 AN,
939 5112 996 5165 et
1021 5106 1157 5164 NA.
1197 5109 1469 5166 Lucret.
1507 5122 1724 5183 quoque
1761 5107 1858 5166 lib.
1892 5106 1951 5163 2.

479 5198 560 5255 ita
585 5196 760 5255 canit:

1429 347 1502 405 11.
1564 345 1668 403 DE
1693 343 1897 404 ARTE
1932 339 2515 402 ooMBmA'mma.

2112 485 2263 551 Quin
2290 483 2465 539 etiam
2492 483 2661 540 refert
2686 480 2889 538 nostris
2914 479 3252 536 inversibus
3278 477 3417 553 ipsis

2112 575 2277 631 Cum
2305 572 2559 646 quibus
2585 567 3181 644 (complexiones)
3210 572 3280 625 et
3304 566 3509 640 quali

2746 659 2861 715 sint
2885 658 3137 716 ordine
3164 656 3509 727 (variatio

2746 747 2969 820 situs)
2996 762 3245 820 qmeque
3272 746 3457 802 locata

2114 839 2365 912 Namque
2384 837 2579 896 eadem
2596 837 2829 910 coelum,
2854 853 3023 910 mare,
3044 840 3235 909 ten-as,
3257 834 3510 906 flumina,

2116 1015 2435 1090 Significant
2446 1035 2465 1071 ε
2484 1015 2679 1072 eadem
2698 1019 2904 1089 tragus,
2916 1015 3159 1085 arbusta,
3170 1011 3481 1068 animantes
3492 1027 3511 1064 z

2118 1106 2179 1162 Si
2204 1122 2322 1162 non
2350 1105 2538 1162 omnia
2566 1105 2695 1178 sint,
2724 1108 2785 1161 at
2807 1104 2981 1161 multo
3002 1102 3251 1158 maxima
3269 1117 3397 1174 pars
3424 1101 3514 1156 est

2120 1194 2464 1267 Consimilis,
2492 1211 2685 1250 vemm
2710 1194 2957 1267 positura
2978 1191 3335 1264 discrepitant
3358 1189 3512 1248 haec-

2120 1284 2210 1340 Sic
2236 1283 2371 1357 ipsis
2398 1283 2460 1340 in
2486 1282 2649 1340 rebus
2676 1283 2811 1338 item
2832 1283 2955 1353 jam
2984 1279 3235 1336 materiai

2122 1373 2436 1446 Intervalla,
2465 1372 2606 1444 viae,
2636 1387 2935 1444 connexus,
2964 1370 3229 1444 pondera,
3252 1367 3462 1440 ahsa-³,

2122 1462 2445 1535 Concursus,
2488 1465 2689 1536 motus,
2733 1461 2889 1534 orde,
2932 1460 3197 1534 positura,
3224 1458 3400 1530 figura

2122 1551 2262 1608 Oum
2289 1555 2685 1624 permutantia,
2716 1550 2917 1606 mutari
2938 1565 3027 1605 res
3052 1563 3268 1621 quoque
3288 1546 3511 1603 debent.

2037 1641 2112 1696 Et
2137 1639 2449 1696 Lactant.
2476 1639 2663 1696 Divin.
2694 1639 2828 1696 Inst.
2859 1639 2954 1695 lib.
2990 1637 3047 1694 3.
3074 1653 3121 1692 c.
3160 1637 3257 1691 19.
3286 1652 3411 1708 pag.
3432 1650 3511 1690 m.

2046 1729 2188 1786 163.
2226 1729 2465 1802 Vario,
2508 1727 2745 1801 inquit
2784 1726 3106 1800 (Epicurus)
3148 1723 3393 1781 ordine
3433 1739 3515 1780 ac

2038 1818 2397 1894 positione
2436 1817 2868 1874 conveniunt
2912 1814 3087 1872 atomi
3124 1814 3309 1870 sicut
3347 1812 3514 1868 lite-

2038 1925 2180 1980 rae,
2234 1921 2413 1979 quae
2460 1923 2611 1962 cum
2662 1904 2810 1962 sint
2845 1921 3131 1979 paucae,
3174 1901 3371 1960 varie
3411 1905 3516 1957 ta-

2040 2011 2190 2053 men
2238 1996 2633 2052 collocatae
2685 1992 3245 2052 innumerabilia
3294 1991 3516 2048 verba

2038 2083 2445 2143 conficiunt.
2513 2083 2658 2141 Add.
2699 2084 2836 2141 Pet.
2888 2081 3214 2140 Gassend.
3254 2080 3407 2136 Com.
3448 2077 3515 2134 in

2037 2175 2134 2231 lib.
2154 2173 2252 2229 10.
2272 2173 2479 2230 Laertii
2498 2173 2582 2230 ed.
2603 2172 2855 2246 Lugduni
2874 2188 3023 2230 anno
3048 2170 3233 2228 1649.
3255 2167 3513 2226 f01.227.

2038 2268 2096 2320 et
2122 2262 2267 2322 Joh.
2298 2261 2647 2334 Chrysost.
2676 2263 2991 2335 Magnen.
3018 2259 3389 2316 Democrit.
3428 2275 3516 2314 re-

2040 2352 2228 2408 divivo
2276 2351 2431 2424 Disp.
2487 2350 2545 2406 2.
2598 2351 2668 2408 de
2718 2351 2939 2408 Atomis
2986 2367 3035 2406 c.
3090 2350 3149 2405 4.
3199 2366 3355 2424 prop.
3408 2347 3515 2402 32.

2040 2459 2095 2516 p.
2130 2440 2276 2496 269.
2345 2439 2595 2512 Denique
2634 2439 2705 2496 ad
2742 2440 2881 2496 hanc
2908 2439 3191 2496 literarum
3218 2435 3515 2512 transposi·
3540 2439 3623 2496 18

2040 2530 2253 2586 tionem
2290 2529 2529 2604 pertinet
2564 2529 2835 2584 ludicrum
2872 2528 3011 2585 illud
3049 2527 3281 2583 docendi
3322 2543 3511 2600 genus,

2040 2619 2197 2690 cujus
2224 2617 2478 2674 meminit
2503 2617 2965 2688 Hieronymus
3006 2617 3079 2672 ad
3116 2615 3513 2688 Paulinam,

2040 2712 2369 2772 tesserarum
2396 2724 2499 2764 usu
2525 2707 2711 2763 literas
2750 2705 3095 2778 syllabasque
3132 2703 3374 2779 puerulis
3412 2704 3514 2760 im-

2041 2797 2302 2871 primens
2371 2795 2437 2852 Id
2467 2796 3009 2852 Harsdorfferus
3037 2793 3118 2849 ita
3158 2793 3380 2850 ordinat
3407 2793 3515 2849 De-

2041 2883 2669 2943 119.Μ11111.Ρ.2.ε991.
2708 2883 2807 2941 13.
2832 2899 2989 2957 prop.
3034 2883 3090 2939 3.
3119 2886 3249 2939 sunt
3280 2883 3337 2939 6.
3366 2882 3513 2955 cubi,

2040 2976 2276 3048 quilibet
2300 2974 2471 3032 cubus
2500 2990 2602 3030 sex
2627 2974 2861 3031 laterum
2890 2978 2989 3047 est,
3018 2976 3287 3045 eruntque
3326 2971 3516 3028 inscri-

2041 3056 3515 3137 benda36.haec.nempe=1.u.e.i.o..uu.

2042 3140 3278 3227 11.b......cbfgbll1.f..1m.n...pq
3338 3150 3515 3209 lv..r

2045 3234 2439 3319 §.fit-mua·
2510 3226 3067 3317 ν.11...ἱ61·..ἆὸ.
3136 3231 3514 3317 V1.ss'...ffg

2043 3320 2141 3407 fQ.
2165 3320 2239 3403 Q.
2262 3340 2305 3401 3.
2365 3328 2738 3403 Alphabetum
2774 3332 2959 3385 autem
2986 3329 3135 3388 lusus
3162 3329 3324 3387 unius
3354 3334 3519 3384 19159-

2042 3436 2164 3493 rae,
2202 3418 2443 3489 syllabas
2496 3418 2727 3476 duarum
2777 3418 3021 3475 docebit.
3075 3417 3206 3475 inde
3246 3417 3519 3493 paulatim

2046 3525 2201 3567 vocoe
2231 3508 2490 3567 orientur.

2605 3674 2864 3741 PROBL.
2899 3673 2966 3733 V.

2044 3778 2287 3847 DATO
2328 3780 2385 3847 N
2393 3779 2692 3847 UMERO
2726 3776 3046 3846 RERUM
3085 3776 3521 3846 VARIATIO-

2132 3882 2321 3953 NEM
2350 3884 2601 3954 SITUS
2630 3884 2869 3953 MERE
2903 3884 3218 3952 RELATI
3259 3882 3431 3953 SEU

2294 3990 2801 4061 VICINITATIS
2830 3991 2913 4059 IN
2926 3990 3258 4059 VENIRE.

2141 4128 2485 4194 »Quaeratur
2521 4127 2768 4185 Varlatio
2807 4129 2944 4185 situs
2983 4126 3249 4200 absoluti,
3290 4144 3389 4184 seu
3428 4146 3523 4185 or-
3594 4128 3624 4184 1

2054 4217 2253 4289 ..dinis,
2283 4217 2353 4273 de
2378 4232 2607 4273 numm-o
2634 4234 2819 4274 rerum
2857 4216 3071 4274 unitate
3108 4216 3313 4273 minori
3350 4233 3522 4290 quam

2056 4309 2177 4361 »est
2212 4305 2399 4378 datus,
2437 4305 2605 4376 Juxta
2640 4306 2818 4379 probl.
2846 4307 2902 4362 4.
2942 4304 3093 4379 quod
3120 4304 3430 4364 invenietur
3454 4307 3521 4363 in

2056 4394 2346 4451 »Tab.1v.
2374 4394 2481 4451 erit
2508 4396 2829 4469 (praesim.
2888 4394 3055 4452 Ratio
3084 4393 3374 4451 solutionis
3400 4410 3522 4451 ma-
3588 4394 3625 4449 2

2055 4484 2291 4539 -nifoeta
2318 4488 2401 4539 est
2428 4498 2503 4539 ex
2530 4483 2803 4540 schemata
2828 4484 2897 4540 V.
2926 4500 3037 4556 quo
3065 4484 3341 4540 rationem
3372 4484 3522 4541 solu·

2055 4572 2261 4629 »tionis
2281 4572 2636 4646 problematis
2654 4572 3024 4646 praecedentis
3044 4572 3365 4630 dabamus·
3398 4590 3453 4629 v.
3465 4590 3524 4646 g.

2049 4662 2111 4718 in
2161 4660 2559 4719 variationibus
2618 4660 2941 4735 vicinitatis,
2992 4662 3326 4719 variationes
3386 4662 3521 4718 hae:

2048 4750 2258 4806 Abcd.
2284 4750 2477 4807 Beda.
2508 4750 2707 4808 Cdab.
2734 4750 2935 4807 Dabc.
2968 4750 3239 4807 habentur
3264 4766 3367 4824 pro
3386 4765 3521 4824 una,

2050 4840 2201 4895 velut
2219 4838 2493 4896 incirculo
2500 4839 2717 4914 scripta.
2748 4840 2821 4895 Et
2829 4840 2909 4896 ita
2916 4839 3255 4897 similiterde
3270 4838 3521 4913 cteta-is,

2051 4942 2243 4984 omnes
2262 4927 2431 5001 igitur
2440 4929 2569 4985 illae
2579 4928 2681 4985 24.
2694 4928 3027 4986 variationes
3045 4928 3373 4986 dividendae
3388 4933 3524 4985 sunt

2050 5032 2149 5091 per
2170 5032 2459 5075 numerum
2476 5034 2675 5091 rerum,
2698 5018 2793 5091 qui
2812 5018 3059 5075 hocloco
3076 5022 3163 5074 est
3182 5020 3241 5074 4.
3274 5017 3525 5091 prodibit

2050 5106 2286 5163 variatio
2314 5106 2523 5165 ordinis
2562 5108 2633 5165 de
2668 5122 2898 5165 numero
2934 5122 3121 5165 rerum
3158 5107 3522 5180 antecedenti,

2050 5210 2249 5273 nempe
2278 5198 2335 5253 6.
2393 5197 2569 5273 Finge
2594 5196 2699 5256 tibi
2720 5197 3117 5281 hypocausmm
3132 5196 3433 5257 rotundmu
3458 5196 3524 5254 in
3588 5197 3623 5252 3
