3717 5850
346 308 435 380 54

344 465 593 524 homines
616 463 863 522 sentiunt
888 467 1178 521 extensum
1204 477 1343 534 esse,
1365 479 1461 548 seu
1488 461 1681 520 vident
1706 465 1925 520 tantum

348 549 716 650 (quamquam
766 567 955 610 revera
1004 569 1217 626 semper
1264 551 1339 607 sit
1384 568 1581 626 eorpus
1630 556 1688 608 et
1724 553 1926 609 habeat

347 625 761 706 ἀντιτυπίαν,
802 642 929 698 lieet
968 643 1133 698 nobis
1170 639 1574 713 insensibilem,
1604 641 1928 714 perceptibi-

347 735 459 790 lem
485 737 678 788 tamen
714 731 1023 787 intellectu·
1034 731 1066 802 )
1110 729 1169 786 id
1204 745 1322 786 non
1348 730 1538 786 statim
1572 734 1774 786 vocant
1809 746 1929 786 eor·

346 837 467 896 pus,
496 824 696 917 putant
722 820 873 878 enim
898 834 1297 892 nonnunquam
1316 835 1436 875 osse
1456 835 1665 875 meram
1692 819 1930 892 speeiem

348 915 407 968 et
428 923 827 981 φαντασμα.
870 907 1143 982 Quicquid
1170 923 1301 964 vem
1328 923 1445 963 non
1470 907 1665 962 vident
1690 911 1926 981 tantum,

348 999 448 1057 sed
488 1001 547 1054 et
578 1000 837 1070 tangunt,
878 996 937 1054 id
964 1001 1077 1070 est,
1118 997 1180 1051 in
1208 1012 1321 1068 quo
1350 977 1748 1048 ἀντιτυπίαν
1776 1011 1932 1090 repe-

350 1089 517 1160 riunt,
550 1087 610 1143 id
642 1091 839 1143 vocant
866 1102 1079 1160 eorpus,
1108 1084 1373 1157 quidquid
1412 1100 1544 1140 vero
1574 1066 1931 1153 cim-emmo

348 1180 515 1249 earet,
545 1176 601 1232 id
630 1179 835 1248 negant
862 1191 979 1231 oese
1005 1189 1215 1246 eorpus.
1290 1172 1357 1229 In
1396 1172 1611 1228 duobus
1640 1172 1806 1244 igitur
1833 1173 1930 1228 ho-

350 1265 526 1322 mines
554 1268 671 1320 tam
697 1264 969 1337 sapientes
999 1277 1167 1334 quam
1192 1262 1406 1319 Idiotae
1444 1263 1701 1316 naturmn
1738 1277 1931 1334 eorpo-

348 1355 429 1412 ris
468 1353 741 1410 collocant
784 1352 847 1407 in
893 1350 1214 1406 extensione
1260 1354 1319 1407 et
1368 1330 1733 1418 οἱνητυπίᾳ.
1764 1349 1930 1406 simul

350 1442 562 1515 sumtis,
604 1442 761 1498 illam
800 1439 1065 1496 sumimus
1107 1456 1143 1494 a
1170 1439 1307 1513 visu,
1347 1438 1488 1494 lmne
1514 1455 1551 1494 a
1578 1441 1745 1512 tactu,
1784 1439 1934 1494 unde

350 1549 425 1590 ex
450 1529 837 1602 conjunctione
874 1528 1155 1600 utriusque
1193 1543 1381 1584 senms
1418 1526 1703 1584 certificari
1742 1527 1933 1583 dere-

352 1621 454 1678 bus
480 1621 677 1692 solent,
707 1617 857 1690 quod
884 1633 1001 1680 non
1028 1615 1142 1672 sint
1168 1617 1568 1690 phantasmata.
1623 1615 1932 1672 Extensum

350 1713 536 1765 autem
572 1725 691 1764 mse
726 1705 867 1762 nihil
904 1706 1057 1784 aliani
1096 1709 1209 1778 est,
1260 1721 1427 1778 quam
1467 1721 1583 1762 esse
1622 1703 1684 1759 in
1720 1705 1931 1777 spatio,

350 1777 705 1850 οἶντιτυπια
730 1799 832 1866 est,
869 1811 987 1850 non
1015 1787 1174 1867 posse
1200 1809 1325 1849 eum
1354 1793 1467 1849 alio
1496 1809 1613 1849 esse
1650 1793 1709 1848 in
1736 1794 1933 1849 eodem

350 1886 547 1960 spatio,
574 1885 673 1940 sed
698 1884 1023 1939 alterutrum
1051 1883 1260 1939 moveri
1288 1886 1387 1938 aut
1412 1881 1686 1954 quiescere
1713 1881 1931 1940 debere.

345 1976 441 2032 Ex
468 1974 554 2031 his
592 1976 762 2046 patet,
802 1981 1060 2029 naturam
1078 1970 1345 2046 ,Corporis
1382 1969 1645 2027 constitui
1681 1987 1779 2043 per
1820 1971 1933 2026 Ex-

350 2063 661 2120 tensionem
700 2065 757 2116 et
786 2059 1156 2133 Antitypiam,
1194 2074 1469 2132 quumque
1494 2059 1633 2114 nihil
1661 2058 1735 2115 sit
1762 2059 1823 2114 in
1850 2076 1935 2116 re·

350 2152 456 2208 bus
482 2150 603 2206 sine
628 2165 809 2222 causa,
839 2148 977 2205 nihil
1014 2149 1185 2204 etiam
1221 2149 1355 2223 poni
1396 2149 1561 2205 debet
1596 2147 1659 2202 in
1694 2148 1936 2220 eorpori-

353 2241 476 2314 bus,
506 2237 663 2308 cnjus
690 2254 855 2295 eausa
880 2237 1037 2294 reddi
1064 2253 1181 2314 non
1220 2237 1395 2311 possit
1420 2253 1495 2293 ex
1520 2235 1715 2310 primis
1742 2253 1936 2293 eorum

346 2326 745 2386 constitutivis.
810 2327 941 2382 Jam
974 2341 1143 2382 causa
1178 2343 1253 2382 ex
1294 2325 1365 2383 iis
1393 2325 1549 2382 reddi
1590 2341 1704 2380 non
1734 2329 1932 2400 potoet,

352 2417 465 2474 nisi
494 2434 593 2490 per
631 2431 824 2472 eorum
864 2415 1221 2472 definitionoe.
1310 2414 1463 2470 Nihil
1511 2414 1679 2486 igitur
1726 2431 1936 2488 ponen-

354 2507 488 2564 dum
515 2508 600 2562 est
624 2505 685 2560 in
714 2504 1051 2578 corporibuS,
1094 2503 1245 2580 quod
1283 2519 1356 2559 ex
1384 2503 1701 2560 definitione
1729 2505 1936 2560 Exten-

354 2595 527 2652 sionis
546 2597 605 2650 et
615 2593 938 2666 Antitypiae
954 2609 1074 2649 non
1092 2593 1243 2648 fluat.
1286 2592 1490 2648 Fluunt
1510 2595 1696 2648 autem
1716 2595 1936 2648 tantum

352 2699 428 2742 ex
465 2699 549 2756 ea,
592 2683 941 2755 magnitudo,
984 2681 1183 2755 figura,
1226 2680 1379 2753 situs,
1412 2696 1686 2754 numerus,
1716 2681 1937 2738 mobili-

354 2777 443 2829 tas
470 2777 571 2828 etc.
615 2771 833 2841 (Motus
860 2771 979 2844 ipse
1004 2786 1079 2826 ex
1106 2770 1177 2826 iis
1204 2787 1317 2826 non
1346 2769 1486 2843 fluit,
1518 2770 1664 2826 unde
1690 2787 1792 2826 nee
1818 2788 1938 2826 cor·

352 2877 493 2936 pora
520 2865 733 2916 motum
762 2861 967 2916 habent
1002 2859 1113 2914 nisi
1148 2860 1223 2916 ab
1260 2858 1639 2933 incorporeis).
1726 2861 1815 2917 Ex
1852 2859 1937 2914 his

346 2950 471 3021 jam
498 2954 667 3024 patet,
697 2950 949 3007 omnium
984 2948 1311 3022 qualitatum
1352 2952 1409 3005 et
1436 2949 1804 3005 mutationum
1840 2964 1938 3005 ex-

354 3040 709 3114 plicationem
738 3055 809 3096 ex
848 3037 1242 3111 magnitudine,
1286 3038 1475 3112 figura,
1517 3041 1673 3094 motu
1711 3042 1811 3095 ete.
1851 3054 1940 3093 su-

354 3128 628 3185 mendam.
696 3129 769 3185 Et
796 3128 1053 3200 oelorem,
1092 3128 1351 3198 colorem,
1392 3130 1491 3184 ete.
1532 3143 1647 3182 non
1674 3127 1783 3182 nisi
1810 3126 1942 3181 sub—

356 3217 481 3273 tiles
518 3222 701 3273 motus
740 3220 799 3273 et
838 3218 1043 3289 figuras
1083 3232 1215 3271 esse.
1294 3215 1457 3278 Quod
1504 3220 1749 3287 superest
1799 3214 1940 3271 illud

354 3306 677 3362 eonfimiare
734 3304 941 3359 ausim:
1009 3302 1217 3375 Athois,
1276 3303 1597 3374 Socinianis‚
1658 3302 1934 3376 SceptieiS,

354 3394 724 3465 Naturalistis,
755 3408 1037 3464 nunquam
1076 3391 1187 3446 nisi
1224 3392 1521 3447 constituta
1556 3391 1657 3447 hae
1700 3391 1938 3464 philoso-

356 3483 487 3556 phia
513 3482 689 3538 solide
717 3497 997 3537 occursum
1026 3479 1121 3535 iriz
1153 3496 1319 3552 quam
1342 3496 1443 3553 ego
1465 3482 1709 3553 profecto
1740 3496 1938 3537 munus

358 3571 462 3627 Dei
490 3571 652 3627 eredo
678 3574 929 3627 senectae
956 3568 1149 3624 mundi
1177 3568 1369 3624 datum
1404 3570 1555 3626 velut
1592 3570 1813 3625 unicam
1858 3574 1938 3625 ta-

358 3661 565 3733 bulam,
596 3675 706 3731 qua
735 3675 793 3714 se
822 3658 927 3713 viri
955 3658 1035 3731 pii
1066 3673 1129 3713 ac
1164 3658 1457 3731 prudentes
1486 3658 1545 3713 in
1574 3658 1939 3715 incumbentis

356 3764 505 3805 nune
530 3748 802 3805 Atheismi
830 3746 1117 3819 naufragio
1145 3748 1413 3804 servaturi
1433 3751 1577 3804 sunt.
1628 3749 1745 3821 Ego
1767 3764 1937 3819 quan-

357 3840 685 3911 tulacunque
720 3836 857 3892 mihi
901 3836 1006 3891 ruit
1044 3836 1117 3891 ab
1156 3836 1357 3907 exiguo
1408 3841 1655 3911 tempore
1692 3838 1938 3894 virorum

356 3928 642 3985 doctorum
667 3926 887 3997 notitia,
916 3926 1167 3982 horresco
1195 3929 1386 3981 tamen
1404 3927 1619 3999 quoties
1644 3926 1845 3998 eogito,
1877 3926 1939 3983 in

356 4020 493 4089 quot
520 4015 685 4071 simul
713 4018 771 4071 et
796 4014 1125 4086 ingeniosos,
1164 4018 1222 4069 et
1260 4030 1482 4086 prorsus
1520 4016 1709 4071 atheos
1736 4014 1940 4069 incide-

358 4104 481 4162 rim.
528 4104 601 4159 Et
626 4103 825 4159 volitat
852 4120 949 4175 per
977 4118 1173 4157 manus
1200 4102 1485 4157 hominum
1514 4103 1605 4158 Bo
1618 4102 1686 4158 di
1700 4102 1771 4157 ni
1798 4102 1940 4158 liber

358 4192 615 4264 ineditus,
650 4189 847 4263 (atque
884 4190 1117 4261 utinam,
1158 4192 1223 4245 ut
1256 4205 1383 4245 eum
1420 4190 1743 4245 Naudaeo
1786 4195 1937 4263 opto,

360 4295 640 4352 nunquam
668 4278 957 4350 edendus),
990 4278 1211 4350 grandis
1238 4281 1401 4349 certe,
1443 4293 1608 4349 quem
1636 4278 1731 4334 ille
1758 4284 1936 4353 vocat,

358 4384 559 4427 arcana
586 4367 925 4437 sublimium,
955 4365 1017 4421 in
1045 4381 1157 4437 quo
1185 4368 1457 4437 prorfflus
1496 4364 1667 4421 hostis
1705 4370 1789 4423 cst
1814 4368 1942 4423 reli-

359 4458 539 4532 gionis
588 4456 944 4512 Christianae.
1046 4455 1189 4508 Van
1202 4454 1301 4508 ini
1350 4454 1557 4526 dialogi.
1608 4456 1767 4511 ludus
1814 4460 1941 4512 sunt

360 4548 408 4603 si
434 4549 832 4620 comparentur.
900 4542 1033 4616 Legi
1072 4560 1187 4598 non
1216 4543 1596 4616 perfunctorie,
1637 4550 1695 4600 et
1722 4546 1841 4601 Deo
1869 4562 1944 4601 ex

360 4636 551 4692 animo
580 4634 781 4707 gratias
812 4648 936 4705 age,
968 4632 1116 4705 quod
1154 4631 1223 4687 iis
1250 4648 1340 4689 me.
1380 4632 1667 4705 praesidiis
1704 4635 1943 4709 philoso-

359 4725 537 4798 phiae,
578 4724 669 4794 (in
709 4738 818 4793 qua
855 4720 1099 4794 ingratus
1136 4720 1259 4794 sim,
1298 4722 1347 4776 si
1384 4722 1489 4779 tibi
1531 4725 1705 4779 multa
1743 4723 1942 4781 debere

360 4813 585 4886 negem)
614 4810 951 4883 instruxerit,
980 4810 1181 4883 quibus
1220 4810 1339 4878 ejus
1377 4812 1491 4867 tela
1526 4812 1679 4869 nullo
1717 4812 1939 4885 negotio

360 4902 553 4976 repuli.
628 4898 957 4957 Laudandus
996 4902 1081 4954 est
1108 4899 1187 4954 Cl.
1225 4899 1515 4972 Spizelii
1558 4901 1733 4973 labor,
1774 4918 1938 4973 quem

360 4991 457 5049 ille
502 4988 831 5049 eradicando
880 4988 1148 5045 atheismo
1208 5004 1354 5045 nunc
1402 5005 1587 5047 rursus
1646 4989 1936 5063 impendit.

1398 319 1492 377 IV.
1546 319 1900 378 EPIS'I'OLA
1935 321 2045 378 AD
2078 317 2542 378 THOMASIUM

2025 462 2334 536 Epistolam
2389 462 2513 534 ejus
2563 461 2634 519 de
2685 462 2786 520 hoe
2837 465 3160 536 argumento
3209 462 3300 520 his
3347 463 3623 520 nundinis

2025 554 2283 610 emissam
2321 551 2524 608 videris
2553 551 2766 624 opinor.
2810 551 3030 625 Accipe,
3061 553 3194 624 quid
3223 553 3362 610 mihi
3387 569 3516 610 eum
3547 569 3626 608 eo

2025 641 2332 712 eontigerit.
2419 640 2859 714 Censet-immam
2905 641 3206 712 aliquando
3265 657 3364 714 per
3409 641 3624 714 otium,

2026 728 2384 786 tumultuaria
2411 733 2598 786 tamen
2625 745 2794 802 opera
2811 729 2874 785 in
2901 729 3204 786 diversorio
3231 729 3370 786 duas
3395 729 3626 788 circiter

2027 817 2292 892 plagulas,
2315 817 2514 890 quibus
2541 818 2612 874 de
2639 817 3080 891 demonstranda,
3097 819 3265 876 solito
3291 819 3624 890 anem-atim,

2029 906 2442 963 immortalitate
2491 907 2730 980 animae,
2779 911 2838 962 et
2887 907 3182 964 existentia
3217 906 3324 964 Dei
3361 909 3624 980 agebam.

2029 995 2146 1052 Has
2171 995 2703 1052 eommunieaveram
2740 995 2937 1052 amieo.
3023 996 3132 1054 Per
3155 997 3300 1053 hune
3327 1013 3529 1054 venere
3557 996 3626 1052 in

2030 1101 2226 1142 manus
2275 1084 2350 1158 pl.
2391 1084 2698 1142 Reverendi
2737 1084 3057 1158 Speneri,
3096 1085 3340 1142 Pastoris
3377 1086 3626 1142 Franco·

2031 1173 2356 1230 furtensium
2381 1178 2606 1230 auctore
2630 1177 2820 1230 tamen
2837 1173 3038 1230 merito
3057 1173 3415 1230 dissimulato.
3462 1176 3627 1247 Spe-

2031 1279 2238 1320 nerus
2298 1262 2609 1334 Spizelio
2675 1261 3028 1335 transmittite,
3089 1263 3435 1335 Spizelius
3485 1279 3628 1319 suae

2031 1351 2116 1407 illi
2143 1350 2410 1424 epistolae
2439 1351 2511 1407 ad
2548 1351 2706 1408 Ant.
2747 1352 3136 1423 Reiserum,
3177 1351 3248 1408 de
3285 1351 3626 1408 emlicando

2031 1440 2299 1498 atheismo
2326 1455 2566 1512 nuperae
2593 1440 2689 1496 fini
2717 1440 2936 1513 adjecit,
2965 1441 3068 1496 sub
3096 1440 3287 1496 titulo=
3331 1441 3552 1496 Conse
3565 1459 3626 1496 s-

2031 1529 2138 1587 sio
2175 1533 2472 1585 naturae
2509 1533 2754 1585 eontra
2778 1528 3163 1588 AtheistaS.
3229 1529 3334 1586 Sed
3362 1547 3468 1602 ego
3497 1547 3624 1585 non

2032 1618 2308 1691 improbo,
2347 1631 2540 1673 verum
2589 1617 2768 1691 doleo,
2819 1617 2970 1691 quod
3019 1617 3430 1674 mendosissime
3475 1618 3626 1676 illud

2031 1706 2292 1764 sehedion
2319 1706 2644 1780 impressum
2681 1711 2781 1764 est.
2847 1705 3107 1779 Inprimis
3145 1706 3340 1762 sorites
3379 1707 3474 1762 ille
3503 1724 3626 1779 quo

2031 1786 2406 1852 demonstrare
2441 1799 2668 1851 conatus
2707 1811 2832 1851 sum
2867 1795 3342 1852 inmortalitatem
3377 1795 3626 1868 animae,

2031 1883 2258 1941 mutatis
2293 1884 2562 1940 linearum
2599 1883 2922 1957 initialibus,
2963 1883 3104 1940 mire
3141 1885 3488 1957 perturbatus
3515 1889 3626 1940 est.

2032 1972 2386 2048 Spizelius
2417 1973 2634 2046 fatetur,
2657 1989 2725 2029 se
2751 1977 3030 2030 amtorem
3057 1973 3327 2046 ignorare.
3355 1969 3466 2029 'De
3493 1974 3626 2046 ipsa

2033 2059 2446 2119 demonstrandi
2493 2062 2709 2118 ratione
2751 2060 3026 2131 judicium
3063 2066 3337 2134 exspecto.
3424 2063 3627 2134 Neque

2032 2167 2166 2207 vero
2205 2150 2444 2224 laudem,
2482 2150 2581 2208 sed
2617 2165 2852 2208 examen
2889 2155 3040 2224 peto,
3079 2151 3300 2224 quando
3333 2151 3628 2224 religionis

2034 2241 2280 2312 interest,
2308 2255 2426 2294 non
2453 2239 2820 2312 perfunctorie
2847 2239 3086 2312 defendi,
3125 2255 3438 2312 quanquam
3477 2240 3626 2296 inte·

2034 2329 2144 2386 rim
2173 2327 2233 2384 in
2261 2332 2492 2400 utraque
2519 2328 2682 2400 longe
2711 2327 2878 2384 altius
2905 2331 3216 2401 penetrasse
3244 2329 3378 2386 mihi
3407 2329 3626 2386 videor.

2034 2417 2226 2490 Neque
2261 2416 2413 2472 enim
2449 2432 2590 2488 quae
2619 2417 2690 2473 de
2719 2421 2980 2490 perpetua
3019 2416 3298 2474 creatione
3337 2419 3399 2475 in
3439 2423 3624 2490 motu,

2035 2511 2094 2562 et
2119 2505 2320 2561 intima
2345 2505 2490 2562 entis
2517 2505 2808 2578 cogitantis
2847 2521 2944 2561 seu
2983 2506 3186 2562 mentis
3221 2513 3420 2563 natura
3448 2508 3520 2563 ab
3553 2525 3628 2563 eo

2037 2599 2284 2667 tempore
2309 2593 2446 2666 erui,
2477 2594 2589 2650 illis
2625 2594 2892 2666 leguntur.
2947 2595 3282 2668 Scripseram
3321 2596 3628 2668 aliquando

2037 2683 2140 2740 tibi
2169 2683 2240 2739 de
2263 2682 2549 2756 Societate,
2581 2698 2748 2755 quam
2767 2682 2995 2756 quidam
3015 2684 3278 2740 Germani
3300 2684 3628 2742 moliantur.

2037 2773 2124 2829 Ita
2152 2789 2270 2828 esse
2298 2771 2517 2828 docebit
2543 2771 2739 2828 scheda
2781 2771 3091 2844 germanica
3129 2773 3340 2846 aliquot
3377 2773 3628 2847 plagula·

2036 2877 2180 2935 rum,
2209 2860 2374 2938 titulo
2403 2860 2632 2935 Collegii
2659 2859 3048 2934 Philadelphici
3075 2879 3111 2917 a
3131 2861 3392 2919 Goezio
3418 2862 3629 2918 biblio·

2039 2951 2168 3025 pola
2196 2949 2363 3023 edita,
2393 2950 2490 3006 sed
2517 2949 2654 3007 mihi
2681 2966 2847 3007 mave
2873 2951 3152 3007 somnium
3191 2952 3423 3026 videtur,
3469 2954 3628 3008 velut

2037 3040 2268 3097 societas
2315 3054 2504 3097 roseae
2551 3039 2740 3095 erueiS.
2829 3040 3456 3097 Sehurzi'leisehius
3505 3041 3625 3115 ille,

2037 3128 2132 3201 qui
2161 3128 2308 3201 apud
2335 3144 2436 3183 vos
2465 3130 2564 3199 oet,
2595 3128 2814 3199 mirum,
2845 3132 3114 3202 quantum
3149 3130 3212 3187 in
3239 3130 3512 3186 Pannasso
3545 3148 3630 3187 se-

2037 3216 2306 3273 ditionem
2333 3216 2669 3273 excitaverit.
2733 3217 3036 3274 Pervellem
3075 3219 3230 3292 seire,
3273 3219 3406 3291 quid
3435 3220 3626 3292 magni

2037 3305 2146 3361 viri
2171 3305 2319 3377 apud
2348 3321 2448 3359 vos
2489 3304 2558 3361 de
2585 3306 2688 3362 hoe
2727 3306 3024 3377 specimine
3059 3308 3319 3380 sentiant,
3359 3324 3394 3363 a
3423 3308 3629 3379 quibus

2039 3394 2135 3451 ille
2161 3392 2390 3467 provehi
2415 3398 2616 3466 sperat.
2687 3394 3058 3452 Boeelerus
3085 3397 3170 3453 illi
3199 3398 3274 3453 ab
3301 3397 3430 3451 aula
3459 3397 3627 3452 mini-

2041 3487 2203 3538 tatur.
2270 3482 2546 3538 Itinerarii
2570 3482 2797 3556 politici,
2827 3484 2980 3555 quod
3015 3501 3164 3541 nune
3189 3484 3391 3557 prodit,
3431 3491 3629 3541 auctor

2039 3575 2125 3628 est
2161 3571 2307 3628 haud
2345 3571 2510 3627 dubie
2547 3571 2950 3644 Burgolden
2963 3574 3060 3629 sis
3097 3574 3194 3629 ille
3221 3578 3630 3632 commentator

2039 3660 2100 3717 in
2130 3660 2552 3717 instrumentum
2571 3660 2736 3734 pacis.
2793 3662 3129 3735 Obstupesco
3149 3663 3442 3719 audaciam
3468 3663 3598 3719 viri.

2125 3749 2264 3806 XIV
2267 3790 2280 3804 .
2324 3749 2486 3815 Quod
2505 3752 2768 3823 superest,
2791 3750 2892 3807 Vir
2919 3750 3236 3825 clarissime,
3261 3751 3388 3807 ideo
3411 3752 3482 3807 de
3503 3756 3628 3809 toto

2037 3839 2140 3896 hoe
2167 3838 2388 3910 negotio
2419 3838 2589 3895 rusius
2615 3839 2688 3894 ad
2711 3838 2792 3895 Te
2819 3839 3066 3907 disserui,
3092 3840 3240 3912 quod
3254 3839 3502 3909 jmlieem
3535 3842 3626 3897 ha·

2037 3944 2164 3983 rum
2191 3944 2375 3984 rerum
2403 3932 2460 3982 et
2486 3927 2832 3984 scientiorem
2861 3933 2919 3985 et
2945 3928 3258 4001 aequiorem
3287 3928 3506 3984 nullum
3535 3930 3628 3985 ha-

2039 4016 2241 4072 berem.
2307 4016 2542 4080 Quando
2569 4021 2627 4073 et
2655 4032 2846 4073 omnes
2873 4022 3122 4074 veterum
3159 4034 3398 4075 reeoesus
3429 4020 3628 4074 lustra·

2039 4104 2130 4177 sti,
2158 4108 2216 4160 et
2241 4104 2606 4161 recentiorum
2633 4105 2874 4177 inventa,
2903 4107 3126 4179 quando
3170 4110 3468 4179 mer-entur,
3511 4124 3628 4163 non

2040 4192 2376 4265 aspernaris3
2417 4197 2580 4266 atque
2617 4193 2744 4249 illos
2785 4194 3087 4269 illustrare,
3140 4195 3240 4252 hos
3279 4196 3625 4269 exauditam,

2039 4298 2180 4337 unus
2221 4282 2470 4337 omnium
2507 4282 2716 4356 optime
2751 4286 2924 4355 potes.
3011 4283 3180 4341 Recte
3211 4284 3362 4339 enim
3383 4283 3624 4355 judicas,

2041 4370 2144 4426 etsi
2173 4387 2352 4427 novae
2379 4372 2681 4427 sententiae
2709 4372 3070 4444 proferantur,
3095 4388 3390 4443 earumque
3419 4374 3627 4429 veritas

2042 4459 2446 4516 evidentissime
2475 4460 2809 4531 ostendatur,
2838 4476 2874 4517 a
2901 4460 3134 4533 receptis
3177 4466 3362 4517 tamen
3407 4462 3626 4533 publice

2042 4548 2268 4605 vocibus
2295 4548 2394 4603 vix
2421 4564 2664 4622 unquam
2691 4566 2808 4605 esse
2835 4550 3168 4624 abeundum,
3213 4550 3365 4622 quod
3391 4550 3444 4605 si
3473 4551 3626 4606 fecis·

2042 4641 2166 4693 sent
2203 4636 2538 4711 Scholastiei,
2590 4652 2705 4693 non
2755 4636 3144 4695 laboraremus.
3219 4638 3372 4710 Vale,
3413 4640 3626 4711 patriae

2043 4726 2224 4799 (loeus,
2255 4729 2312 4781 et
2341 4730 2436 4781 tua
2461 4728 2736 4799 praeclare
2763 4726 3004 4799 cogitata
3045 4744 3162 4783 non
3189 4728 3436 4797 absolve,
3481 4728 3626 4800 (ple-

2041 4830 2211 4887 raque
2235 4815 2388 4871 enim
2415 4818 2472 4870 et
2499 4818 2694 4887 coepta
2731 4814 2894 4870 simul
2933 4820 2992 4872 ct
3031 4817 3274 4888 perfecta
3320 4820 3452 4871 sunt
3501 4833 3624 4873 rara

2042 4902 2250 4974 ingenii
2279 4902 2569 4975 felicitate)
2599 4902 2696 4960 sed
2723 4903 2852 4960 ede:
2897 4903 3163 4961 Dabam
3193 4904 3249 4961 d.
3281 4897 3368 4982 ἐξ
3399 4904 3624 4979 April.
3688 4978 3690 4981 Ι
