3717 5850
348 344 472 410 XX
1599 342 2390 414 PRAEFATIO.

357 477 624 548 Cartesii
665 473 998 568 discipulo,
1043 475 1152 568 qui
1193 485 1412 546 contra
1452 476 1838 546 Leibnitium
1880 477 2163 569 magistri
2204 497 2467 543 causam
2508 471 2837 544 defendere
2880 483 3163 557 conatur,
3204 471 3400 544 verba
3438 473 3675 544 Leib-

353 597 488 666 nitii
525 593 920 662 innotuerint.
1007 589 1236 682 Neque
1277 603 1492 662 tamen
1533 594 1792 662 omnino
1833 615 2181 685 repugnem
2223 589 2311 660 Ill.
2356 591 2668 672 Cousino,
2712 592 2820 676 qui
2862 590 3191 660 Nicasium
3232 589 3399 659 hane
3439 590 3669 658 Leib-

354 709 490 782 nitii
531 705 864 800 epistolam
907 729 1056 775 cum
1085 707 1340 793 Hue‘tio,
1381 708 1554 778 hunc
1582 731 1734 778 vero
1777 731 1931 778 cum
1976 708 2111 775 aliis
2140 707 2643 776 communicasse
2686 706 2927 799 probat,
2969 707 3139 776 unde
3168 705 3439 799 denique
3480 730 3667 799 per-

355 825 575 894 venire
617 824 890 915 potuerit
933 821 1014 892 ad
1059 822 1480 894 Cartesianos.
1567 823 1738 892 Nam
1782 847 1933 892 cum
1978 821 2323 890 Leibnitius
2366 821 2771 890 disertissime
2814 819 2981 890 dicat
3024 827 3107 915 (p.
3153 825 3341 911 142),
3382 845 3453 890 se
3494 825 3663 890 fru-

357 948 486 1008 stra
527 937 830 1032 impedire
881 937 1159 1006 voluisse
1217 943 1554 1031 quominus
1597 938 2117 1031 vulgarentur
2170 936 2331 1006 haec
2372 937 2582 1020 verba,
2640 938 2947 1030 suspicari
3006 936 3263 1029 quidem
3306 941 3513 1030 possis
3556 961 3665 1006 ea

357 1077 509 1122 cum
551 1053 712 1123 haec
756 1055 1053 1129 scriberet
1107 1057 1218 1122 uni
1261 1065 1374 1122 aut
1415 1055 1594 1122 alteri
1633 1053 1826 1122 diario
1855 1053 2081 1145 gallico
2123 1056 2259 1146 jam
2298 1056 2533 1122 inserta
2562 1054 2775 1134 fuisse,
2818 1053 2934 1120 sed
2974 1063 3189 1122 tamen
3234 1077 3315 1121 ex
3356 1056 3433 1121 iis
3463 1077 3663 1146 quae

356 1167 552 1262 paulo
608 1179 755 1262 post
795 1171 1032 1240 scribit:
1129 1168 1542 1260 ·Cependant
1588 1171 1842 1261 j'avoue
1900 1166 1981 1236 de
2034 1193 2119 1238 ne
2174 1190 2290 1259 pas
2348 1166 2763 1258 comprendre
2806 1165 3151 1237 l'intention
3195 1167 3275 1237 de
3317 1169 3477 1238 celui
3524 1171 3667 1261 qui

365 1287 606 1352 -refute
649 1309 726 1352 ce
768 1307 1037 1375 passage
1079 1283 1159 1350 de
1203 1307 1312 1350 ma
1355 1282 1533 1352 lettre
1577 1294 1643 1351 et
1683 1282 1746 1350 le
1788 1283 2001 1374 publie
2046 1309 2127 1353 en
2172 1283 2385 1352 meme
2428 1293 2693 1375 temPS,«
2722 1321 2811 1332 -—
2856 1305 3161 1374 apparere
3204 1285 3451 1356 videtur
3492 1289 3665 1379 ipsa

357 1399 622 1468 demum
669 1399 834 1468 illius
879 1399 1227 1466 Cartesiani
1269 1400 1640 1467 refutatione
1681 1396 1973 1467 Leibnitii
2015 1399 2347 1493 epistolam
2400 1397 2783 1491 publicatam
2828 1422 2987 1466 esse.

531 1512 746 1581 XLIII.
801 1512 1265 1580 Reflexions
1325 1512 1496 1581 d'un
1539 1515 1947 1606 Anonyme
2002 1539 2135 1584 sur
2190 1539 2342 1584 une
2386 1514 2625 1582 lettre
2680 1513 2769 1581 de
2812 1512 2944 1584 Mr.
2988 1513 3331 1597 Leibniz,
3384 1515 3659 1584 ecrite

356 1628 395 1696 ὲ
437 1627 563 1695 Μι·.
614 1625 868 1696 l'abbe
923 1625 1262 1697 Nicaise.
1352 1628 1450 1698 Eo
1501 1631 1642 1721 ipso
1701 1653 1866 1698 anno
1912 1654 2041 1722 quo
2087 1629 2430 1698 Leibnitius
2488 1627 2569 1696 ad
2610 1628 2940 1698 Nicasium
2992 1631 3347 1721 scripserat,
3396 1632 3657 1698 inserta

357 1752 454 1812 est
496 1740 656 1810 haec
700 1744 902 1810 acrior
941 1745 1229 1812 refutatio
1276 1743 1468 1813 diario
1501 1745 1744 1839 gallico,
1789 1747 1971 1837 cujus
2014 1754 2200 1813 autor
2241 1767 2615 1835 anonymm,
2660 1754 2732 1811 ut
2774 1767 2856 1812 ex
2884 1744 3147 1834 epistola
3189 1745 3461 1837 quadam
3490 1744 3657 1814 elu-

355 1865 482 1942 cet,
521 1879 560 1924 a
605 1857 888 1926 Cousino
929 1858 968 1925 l.
991 1882 1044 1926 c.
1087 1885 1151 1952 p.
1177 1864 1324 1928 301.
1367 1859 1552 1943 edita,
1593 1860 1973 1929 clarissimus
2017 1863 2151 1952 ejus
2194 1862 2492 1953 temporis
2512 1861 2777 1928 Cartesii
2816 1859 3155 1953 discipulus
3191 1863 3326 1946 fuit,
3363 1860 3661 1931 fulcrum

357 1977 548 2061 atque
583 1969 880 2040 columna
915 1985 988 2042 ut
1015 1977 1107 2042 ita
1143 1974 1349 2044 dicam
1384 1975 1873 2060 Cartesianismi‚
1916 1975 2149 2044 Petrus
2182 1975 2477 2046 Silvanus
2508 1976 2723 2068 Regis.
2790 1975 2913 2042 Cui
2948 1978 3241 2067 opposuit
3256 1977 3612 2046 Leibnitius
3628 2003 3651 2044 ε

533 2083 761 2156 XLIV.
816 2089 1184 2179 Reponsc
1237 2115 1386 2158 aux
1442 2091 1875 2160 reflexions
1932 2093 2060 2183 qui
2115 2115 2198 2160 se
2251 2102 2635 2160 trouvent
2694 2091 2885 2158 dans
2936 2090 3008 2160 le
3053 2097 3139 2161 23
3190 2091 3497 2182 journal
3540 2093 3653 2160 de

355 2208 566 2268 cette
611 2206 856 2271 annee
899 2206 1277 2274 touchant
1317 2208 1434 2276 les
1479 2210 2069 2300 consequences
2124 2206 2217 2274 de
2262 2205 2651 2298 quelques
2710 2207 3057 2275 endroits
3118 2205 3209 2274 de
3252 2205 3323 2274 la
3366 2207 3645 2276 Philo-

355 2315 630 2404 sophie
685 2317 778 2386 de
829 2318 1290 2406 Descartes,
1342 2326 1818 2415 responsionem
1877 2322 2103 2391 eodem
2160 2345 2325 2390 anno
2382 2321 2577 2390 diario
2621 2321 2845 2414 gallico
2898 2323 3230 2405 insertam,
3284 2345 3449 2413 quae
3501 2346 3649 2390 non

355 2427 566 2498 solum
608 2434 1158 2506 mansuetudinem
1205 2461 1282 2506 ac
1323 2438 1662 2508 candorem
1687 2438 1977 2507 Leibnitii
2018 2447 2302 2520 testatur,
2346 2437 2459 2504 sed
2502 2439 2695 2505 etiam
2738 2461 2889 2504 eum
2931 2436 3159 2506 melius
3201 2460 3393 2528 quam
3420 2438 3649 2529 ipsum

356 2542 796 2614 Cartcsianum
841 2550 1108 2618 Cartesii
1149 2573 1342 2643 opera
1380 2552 1630 2648 legisse,
1671 2554 1937 2647 pulchre
1980 2562 2305 2622 monstrat.
2348 2552 2623 2640 (Dutens
2668 2561 2784 2620 etc.
2828 2551 2867 2618 l.
2911 2576 2965 2621 c.
3008 2577 3069 2644 p.
3116 2555 3247 2620 248
3292 2562 3359 2620 et
3402 2557 3579 2638 252).

532 2659 733 2732 XLV.
778 2663 1138 2756 Epistola
1181 2666 1277 2735 ad
1321 2669 1760 2739 Fardellam
1821 2694 1905 2739 ex
1948 2668 2177 2738 Felleri
2218 2670 2523 2737 sententia
2569 2690 2735 2736 anno
2782 2665 3215 2737 MDCXCVII
3258 2670 3651 2759 conscripta,

355 2797 395 2842 e
439 2779 622 2868 cujus
667 2779 812 2847 Otio
834 2780 1254 2852 Hanoverano
1300 2787 1614 2876 equidem,
1659 2788 1822 2854 sicut
1867 2795 2012 2854 ante
2058 2809 2163 2853 me
2185 2785 2553 2868 Dutensiu8‚
2600 2783 2719 2851 has
2758 2781 3039 2851 literulas
3082 2784 3431 2853 exscribere
3476 2808 3644 2852 coa-

354 2899 496 2959 ctus
549 2916 756 2978 eram,
833 2919 982 2963 cum
1038 2897 1410 2970 Hanoverae
1473 2904 1636 2973 inter
1689 2901 2082 2995 autographa
2136 2898 2523 2971 Leibnitiana
2576 2897 2919 2969 nonnullae
2984 2899 3241 2991 quidem
3300 2898 3647 2970 Fardellae

353 3006 657 3094 epistolae
698 3009 902 3079 italice
947 3017 1367 3109 conscriptae,
1409 3042 1531 3087 nec
1571 3042 1703 3087 non
1747 3042 1875 3086 una
1916 3016 2205 3086 Leibnitii
2250 3040 2415 3109 quae
2458 3016 2793 3085 historicae
2834 3014 3059 3084 indolis
3102 3024 3232 3100 est,
3270 3014 3431 3085 haec
3472 3040 3645 3087 vero

349 3140 479 3189 non
531 3126 890 3215 reperiatur.
1031 3180 1043 3191 ,

529 3234 756 3308 XLVI.
820 3241 1176 3334 Epistola
1233 3245 1322 3313 ad
1377 3248 1840 3330 Sturmium,
1907 3244 2135 3315 eodem
2188 3270 2353 3315 anno
2408 3247 2759 3337 conscripta
2810 3244 3029 3314 itidem
3082 3248 3147 3315 in
3202 3246 3430 3317 Felleri
3480 3248 3642 3317 Otio

355 3348 774 3423 Hanoverano
818 3360 1092 3448 primum
1137 3358 1421 3453 vulgata,
1477 3362 1646 3453 apud
1689 3363 2076 3432 Dutensium
2120 3365 2429 3454 reperitur
2470 3360 2511 3427 1.
2544 3384 2601 3430 c.
2634 3384 2693 3451 p.
2726 3365 2830 3430 94.
2902 3361 3091 3429 Cadit
3131 3361 3254 3432 hoc
3296 3366 3489 3432 etiam
3530 3366 3640 3432 in:

531 3464 784 3539 XLVII.
827 3471 1108 3543 Lettre
1150 3498 1244 3545 au
1287 3477 1484 3545 Pete
1528 3478 1842 3547 Bouvet
1888 3479 1925 3544 ἒι
1961 3480 2217 3561 Paris,
2263 3500 2457 3570 quam
2488 3475 2820 3570 epistolam
2848 3479 2913 3545 in
2942 3476 3211 3547 editione
3236 3477 3643 3547 Dutensiana

351 3601 412 3671 p.
457 3584 592 3649 262
631 3584 920 3677 legimus.
1866 3648 1870 3653 .

531 3694 810 3769 XLVIII.
865 3701 980 3771 De
1036 3729 1296 3773 rerum
1353 3709 1885 3799 originatione
1940 3706 2285 3791 radicali,
2377 3708 2525 3793 Quo
2584 3706 2767 3777 titulo
2808 3706 3153 3777 Leibnitius
3192 3707 3471 3777 libellum
3524 3711 3635 3777 in-

349 3811 609 3900 scripsit,
653 3819 764 3907 qui
803 3819 1086 3887 nondum
1127 3820 1336 3889 adhuc
1379 3820 1582 3889 editus
1627 3824 1910 3916 plagulas
1954 3846 2151 3890 unam
2196 3833 2261 3890 ct
2303 3824 2618 3891 dimidiam
2662 3825 2986 3891 continens
3026 3824 3191 3889 inter
3232 3821 3415 3905 Mser.
3435 3823 3637 3891 Leib-

349 3924 582 3997 nitiana
622 3929 996 4002 Hanoverae
1041 3947 1422 4020 asservatur,
1467 3941 1696 4030 cuique
1739 3939 2085 4006 Leibnitius
2128 3941 2266 4028 ipse
2310 3938 2651 4031 adscripsit,
2696 3962 2765 4006 se
2808 3961 2961 4005 eum
3004 3959 3167 4004 anno
3190 3936 3637 4007 MDCXCVII

351 4028 408 4095 d·
455 4038 556 4104 23.
599 4038 764 4111 Nov.
811 4052 1271 4141 conscripsisse.

528 4150 756 4227 XLIX.
801 4159 1069 4229 Lettre
1115 4166 1153 4229 Ξι
1195 4164 1536 4234 l'auteur
1579 4166 1668 4233 de
1712 4165 2104 4237 l'histoire
2151 4167 2285 4235 des
2330 4169 2745 4257 Ouvrages
2790 4164 2923 4233 des
2969 4165 3297 4249 SavanS,
3342 4179 3634 4237 conte-

351 4278 538 4334 nant
579 4296 682 4341 un
727 4275 1406 4347 &claircissement
1459 4282 1596 4349 des
1641 4280 2085 4350 difficultes
2141 4306 2289 4372 que
2332 4281 2458 4349 Μι·.
2501 4280 2749 4369 Bayle
2806 4303 2845 4346 a
2892 4282 3265 4348 trouvees
3324 4280 3509 4351 dans
3555 4282 3633 4351 le

354 4386 696 4467 systeme
726 4412 982 4460 nouve
999 4416 1094 4460 au
1125 4393 1210 4461 dc
1237 4392 1532 4463 l'union
1563 4395 1649 4462 de
1677 4394 1893 4463 l’ame
1924 4407 1999 4465 et
2027 4395 2129 4464 du
2158 4420 2408 4488 corps.
2456 4397 2639 4480 Quae
2668 4394 2951 4487 epistola,
2970 4419 3136 4463 anno
3161 4394 3635 4467 MDCXCVIII

351 4491 647 4592 Basnagii
689 4503 982 4577 historiae
1026 4532 1292 4601 operum
1336 4509 1668 4578 doctorum
1708 4513 1971 4595 inserta,
2024 4511 2169 4579 inde
2210 4514 2275 4579 in
2316 4511 2615 4579 Dutensii
2667 4509 2999 4579 editionem
3053 4510 3115 4597 (l.
3158 4535 3214 4579 c.
3258 4536 3319 4603 p.
3364 4516 3405 4581 7
3410 4516 3473 4600 4)
3516 4539 3629 4583 re-

345 4623 534 4701 cepta
575 4629 688 4690 est.

530 4730 602 4797 L.
657 4732 773 4803 De
827 4742 999 4830 ipsa
1057 4752 1344 4808 natura
1398 4742 1565 4809 sive
1611 4741 1702 4808 de
1744 4745 1818 4807 vi
1872 4744 2115 4809 insita
2170 4740 2775 4832 actionibusque
2836 4752 3389 4810 creaturarum.
3499 4744 3628 4813 Hic

347 4837 592 4912 libellus
635 4852 909 4940 primum
967 4856 1172 4924 editus
1227 4866 1326 4922 est
1381 4878 1546 4923 anno
1591 4854 2081 4938 MDCXCVffl,
2134 4880 2281 4925 cum
2327 4855 2671 4925 Leibnitius
2726 4881 2875 4925 eum
2920 4867 3247 4948 tamquam
3288 4883 3627 4929 censuram

349 4952 486 5025 libri
530 4961 869 5035 Sturmiani
927 4972 1080 5036 actis
1133 4969 1540 5037 Eruditorum
1583 4970 1753 5063 Lips.
1797 4973 2114 5040 insereret.
2218 4971 2403 5039 Unde
2446 4972 2794 5040 Dutensius
2853 4998 3005 5040 eum
3058 4976 3297 5064 recepit
3350 4986 3417 5041 et
3469 5001 3623 5044 cum

351 5096 428 5141 ea
468 5077 846 5149 collectionis
888 5096 1066 5175 parte
1117 5086 1620 5173 concorporavit,
1673 5109 1837 5177 quae
1881 5112 1983 5154 res
2028 5087 2321 5179 physicas
2365 5099 2602 5157 tractat.
2670 5089 2822 5172 Etsi,
2868 5100 2941 5155 ut
2980 5112 3171 5179 supra
3221 5092 3355 5182 jam
3412 5094 3616 5158 moni-

346 5196 484 5263 tum
527 5207 644 5282 est,
683 5197 748 5271 in
793 5196 1008 5268 miiltis
1047 5202 1243 5272 nostri
1284 5198 1504 5269 libellis
1544 5202 1652 5269 vix
1695 5212 1987 5271 accurate
2030 5202 2268 5273 definiri
2311 5216 2519 5297 potest
2558 5204 2709 5297 quid
2752 5203 3217 5297 philosophicae
3256 5203 3481 5274 indolis
3524 5208 3620 5290 sit,
