3717 5850
845 400 1146 461 Lxxxu.
1233 394 2481 466 mummssnsmwromtm

27 556 146 600 cam
159 580 178 615 ,
221 540 452 597 mallem
497 540 802 599 accidentia
829 542 1204 599 Eucharistiea
1231 542 1498 615 explicari
1530 558 1630 615 per

28 630 447 703 phaenomena3
497 627 578 683 ita
629 643 738 685 non
781 630 890 684 erit
930 644 1070 702 opus
1108 628 1476 687 accidentibus
1513 644 1628 688 non

27 714 386 790 modalibus,
417 730 560 787 quae
589 730 785 788 parum
813 717 988 789 capio.

112 803 426 859 subtiliora
475 804 642 877 paulo
687 807 816 858 sunt
851 804 1120 875 quaedam
1134 842 1151 875 ,
1201 818 1344 875 quae
1394 803 1465 859 de
1501 804 1626 861 Deo

27 890 242 962 optima
263 892 508 963 eligente
535 890 796 946 Ruzins
821 888 881 946 81
909 890 1270 947 Martinus
1297 891 1628 947 Perezius

27 981 208 1032 vester
259 978 472 1033 babent
485 1019 502 1052 ,
569 982 626 1035 et
675 978 986 1048 indigerent
1031 978 1514 1051 interpretatione:
1565 979 1626 1033 in

27 1079 246 1119 summa
299 1070 488 1121 tamen
538 1082 575 1121 a
617 1065 758 1121 meis
810 1065 969 1121 valde
1017 1065 1314 1121 abhorrere
1355 1065 1626 1123 videntur.

26 1151 218 1223 ltaque
269 1152 484 1209 multas
533 1168 636 1225 pro
689 1152 1186 1225 communicatione
1242 1152 1448 1225 gratias
1479 1160 1622 1223 ago.

25 1240 150 1308 Ago
199 1241 378 1295 etiam
427 1239 696 1313 plurimas
745 1256 848 1311 pro
887 1238 1190 1296 Meldensis
1239 1239 1496 1313 Episcopi
1545 1241 1627 1296 in-

29 1328 332 1382 structione
383 1327 681 1401 pastorali,
731 1342 902 1399 quam
947 1328 1186 1401 percurri
1201 1365 1220 1400 ‚
1269 1331 1326 1382 et
1365 1328 1626 1384 subtilem

29 1414 478 1487 mormulamque
515 1414 877 1487 deprehendo.
962 1414 1104 1471 111811
1146 1429 1368 1489 vercor,
1409 1430 1480 1471 ne
1506 1416 1626 1489 plu-

29 1501 202 1573 rima,
255 1516 408 1573 quae
453 1500 514 1556 in
564 1501 906 1559 Jansenio
955 1499 1456 1575 reprehenduntur,
1517 1502 1630 1559 sint

29 1587 198 1659 ipsius
237 1590 664 1663 Augustini,
714 1590 810 1662 qui
847 1590 1083 1661 ipsemet
1122 1590 1292 1645 etiam
1331 1591 1530 1645 miram
1560 1590 1628 1647 il-

29 1674 138 1731 1818
177 1676 696 1749 interpretationem
737 1676 932 1749 habet,
983 1677 1130 1748 quod
1159 1677 1311 1732 Deus
1353 1693 1464 1733 non
1495 1677 1627 1733 velit

31 1762 242 1820 salvare
269 1764 492 1833 singula
520 1780 800 1837 generum,
829 1763 923 1818 sed
952 1779 1152 1833 genera
1181 1764 1536 1836 singulorum.

111 1850 368 1907 Titulu‘m
421 1853 789 1907 tentamiuum
839 1850 1244 1923 Themlicaeae,
1304 1852 1413 1907 nisi
1461 1852 1626 1907 aliter

30 1936 258 2009 iudicas,
291 1937 504 1994 servari
535 1954 694 2011 posse
721 1941 911 2011 putem
926 1978 943 2011 ‚
991 1942 1078 1993 est
1103 1938 1254 1993 enim
1281 1938 1624 1994 Theodicaea

32 2024 184 2095 quasi
237 2024 504 2082 scientiae
551 2025 830 2097 quoddam
869 2040 1068 2097 genus,
1121 2026 1370 2082 doctrina
1419 2027 1626 2082 scilicet

31 2111 98 2167 (18
117 2111 318 2180 jusitia
351 2112 454 2185 (id
482 2118 568 2168 est
595 2112 867 2185 sapientia
894 2112 1060 2167 simul
1087 2116 1145 2167 et
1172 2112 1462 2184 bonitate)
1500 2112 1620 2168 Dei.

115 2200 408 2263 Quaenam
447 2205 532 2255 est
559 2200 658 2255 illa
687 2198 908 2255 tandem
939 2200 1185 2255 definitio
1214 2198 1467 2256 Romana
1495 2216 1623 2256 888-

31 2300 120 2341 888
144 2286 424 2359 Sinensis,
453 2287 526 2343 de
553 2300 663 2358 qua
699 2287 934 2342 multum
965 2302 1275 2342 sermonem
1315 2304 1434 2343 esse
1464 2287 1623 2342 intel-

31 2372 170 2446 ligo,
208 2379 270 2431 et
306 2374 398 2431 cui
441 2390 500 2430 se
539 2376 710 2430 vestri
737 2374 950 2429 Romae
976 2374 1314 2430 submisere?
1400 2374 1459 2430 Si
1485 2374 1625 2431 Tur-

31 2460 272 2517 noniaua
313 2461 532 2517 decreta
567 2461 933 2518 centimantur
971 2462 1091 2517 sine
1120 2462 1528 2534 moderatione,
1567 2466 1630 2517 et

33 2546 138 2602 nisi
192 2550 358 2605 curia
383 2550 636 2609 Romana
683 2564 806 2605 rem
854 2550 1086 2606 artificio
1137 2548 1322 2621 aliquo
1372 2548 1625 2623 involvit,

33 2650 226 2691 vereor
239 2676 256 2709 ,
287 2652 362 2693 ne
381 2636 624 2694 Sinensis
651 2637 840 2693 missio
867 2641 1210 2709 pessumeat,
1252 2634 1403 2707 quod
1431 2637 1622 2692 nolim.

29 2720 248 2796 Nescio,
282 2739 358 2779 an
397 2724 465 2779 R.
493 2724 557 2780 Ρ.
593 2724 1024 2781 Turnemino
1072 2723 1485 2797 significaveris,
1536 2739 1628 2779 me

29 2810 254 2865 annales
283 2811 606 2867 molientem
631 2811 762 2865 inde
790 2812 862 2866 ab
892 2811 1056 2866 initio
1083 2810 1238 2883 regni
1277 2810 1516 2866 Caroli
1544 2810 1627 2865 M.

22 2894 140 2964 jam
177 2897 630 2967 carolingos.
655 2898 804 2953 ultra
843 2912 1016 2968 usque
1055 2898 1128 2953 ad
1157 2897 1404 2954 Saxones
1431 2896 1626 2972 Reges,

29 2984 114 3038 vel
147 2985 526 3054 Imperatores
575 2985 916 3056 pervenisse,
965 2997 1076 3055 qna
1127 2984 1414 3040 occasione
1459 2985 1629 3040 etiam

23 3069 324 3141 Papissam
396 3071 727 3126 discutiendi
785 3071 1074 3127 neeoesitas
1133 3070 1255 3125 fuit.
1311 3077 1320 3086 '
1353 3071 1515 3135 Quod
1579 3071 1627 3126 si

27 3155 94 3211 R.
122 3157 188 3211 P.
229 3157 492 3212 Daniel
543 3157 602 3212 in
645 3157 786 3230 8818,
839 3171 980 3229 qnos
1018 3157 1120 3214 sub
1161 3157 1416 3214 manibus
1445 3159 1627 3231 habet,

28 3243 376 3299 Francorum
405 3243 713 3318 annalibus,
741 3243 848 3300 huc
875 3260 1050 3316 usque
1071 3245 1240 3300 etiam
1260 3246 1540 3318 processit,
1571 3245 1629 3301 in

31 3330 220 3386 multis
261 3330 432 3386 818118
467 3332 886 3406 conveniemus,
936 3337 993 3386 et
1031 3331 1078 3386 si
1129 3347 1242 3403 qua
1291 3337 1632 3405 superessent

33 3417 200 3473 dubia
213 3456 232 3489 ‚
285 3433 574 3489 possemus
609 3421 874 3475 conferre.
963 3419 1388 3489 chronologiam
1427 3419 1508 3474 sic
1545 3435 1630 3474 sa·-

37 3503 108 3558 tis
133 3505 488 3562 comtituisse
523 3505 662 3561 mihi
692 3505 896 3562 videor.
987 3504 1150 3571 Quod
1192 3510 1468 3579 superest,
1510 3507 1634 3562 vale

37 3594 90 3644 et
117 3593 262 3646 fave.

122 3678 348 3735 Dabam
373 3677 698 3736 Hanoverae
733 3681 834 3735 15.
867 3679 1027 3736 Febr.
1066 3678 1260 3734 1712.

927 3766 1315 3822 Deditissimus

593 3885 600 3894 ·
717 3855 786 3908 G.
845 3855 916 3908 G.
975 3851 1496 3909 Leibnitius.

127 3939 190 3994 P.
219 3941 296 3996 -S.
388 3939 558 3996 Venit
583 3939 880 4011 aliquando
933 3941 990 3996 in
1033 3942 1276 3996 mentem
1318 3941 1525 4010 optare.
1569 3940 1633 3993 ut

44 4025 286 4082 virorum
341 4031 560 4082 vestrae
610 4027 884 4083 societatis
934 4027 994 4082 in
1037 4027 1204 4082 rebus
1236 4024 1635 4081 mathematicis

47 4119 384 4170 versatorum
427 4129 534 4188 ope
581 4114 992 4170 observationes
1044 4112 1368 4169 variationis
1407 4111 1633 4179 Magne·

47 4199 178 4255 ticae
203 4217 304 4272 per
332 4201 528 4256 orbem
555 4202 906 4257 continuatae
933 4217 1202 4256 annorum
1232 4199 1430 4271 studio,
1461 4200 1630 4256 colla-

48 4289 204 4356 taque
261 4303 466 4360 opera,
511 4287 922 4344 instituerentur
937 4329 954 4362 ,
1005 4303 1142 4359 quae
1191 4304 1279 4342 res
1317 4285 1519 4340 summi
1549 4291 1632 4341 est

48 4376 302 4432 momenti
331 4374 407 4431 ad
433 4375 842 4446 Geograpliiam
867 4378 924 4430 et
949 4374 1342 4445 navigationes,
1373 4379 1428 4426 et
1457 4387 1492 4426 a
1513 4374 1633 4428 nul-

49 4458 112 4512 lis
158 4461 282 4517 aliis
333 4461 680 4518 commodius
729 4461 846 4516 fieri
895 4465 1093 4533 posset.
1185 4460 1320 4515 Post
1359 4460 1634 4515 Gilber-

53 4547 160 4600 tum
197 4548 473 4622 Anglum,
524 4547 620 4620 qui
667 4547 878 4621 primus
916 4547 1078 4618 hnjns
1118 4547 1402 4604 doctrinae
1439 4546 1630 4602 1118118-

51 4639 226 4688 menta
253 4635 472 4708 posuit,
499 4649 663 4692 nemo
691 4634 888 4692 melius
926 4636 998 4691 de
1025 4633 1342 4706 magneticis
1369 4633 1630 4689 observa·

55 4717 282 4776 tionibus
322 4721 556 4780 meritus
583 4726 695 4794 est,
749 4737 916 4794 quam
946 4723 1144 4796 vestri,
1195 4737 1432 4792 quorum
1461 4720 1628 4778 etiam

53 4798 194 4866 justa
219 4823 392 4880 opera
419 4813 642 4880 extant3
671 4809 1011 4883 08118888,
1042 4807 1440 4881 Kirclierus,
1472 4807 1629 4864 Leo-

60 4889 326 4968 1881188,
357 4895 472 4952 8111.
557 4895 718 4961 Quod
759 4896 810 4952 si
839 4896 1004 4952 vestri
1031 4897 1128 4968 qui
1157 4911 1254 4968 per
1281 4895 1476 4950 orbem
1503 4895 1632 4952 inde

59 4988 92 5026 8
116 4976 229 5034 Kir
242 4981 432 5038 cheri
471 4983 843 5057 temporibm,
895 4987 1032 5056 quot
1057 4981 1250 5055 88818,
1301 4981 1628 5056 ubicunque,

61 5055 454 5128 Mathematum
481 5069 646 5144 periti
673 5075 872 5146 agunt,
899 5071 1022 5130 ive
1049 5070 1178 5130 fixis
1217 5067 1472 5145 sedibus,
1513 5069 1632 5127 sive

1707 543 1767 598 in
1807 544 2093 603 itineribus
2135 546 2520 604 observassent
2562 562 2835 619 quaenam
2872 550 2949 605 811
2973 554 3093 608 tam
3130 552 3297 613 dccli·-

1709 630 1865 686 88118
1906 633 2288 706 horizontalis,
2330 648 2499 707 quam
2542 635 2828 699 inclinatio
2870 638 3143 696 verticalis
3178 658 3297 700 ma·

1709 718 1945 790 guetiea,
1972 724 2029 774 et
2058 720 2467 778 observationes
2496 722 2557 776 in
2586 722 2799 779 litteras
2824 726 3163 799 retulissent,
3204 729 3299 786 ha-

1709 805 1962 861 beremus
2000 806 2163 863 hodie
2188 808 2529 865 'l'lieseurum
2556 810 3005 867 observationum
3018 850 3037 883 ‚
3080 830 3153 869 ex
3182 816 3299 885 qui-

1711 894 1819 949 bus
1853 894 2087 950 fortasse
2129 893 2251 963 jam
2280 900 2401 951 tum
2451 897 2649 967 conjici
2700 914 2765 953 88
2806 898 3047 971 praedici
3090 907 3297 977 posset,

1709 978 1909 1035 saltem
1937 981 1997 1035 in
2025 982 2235 1053 aliquot
2262 996 2453 1055 88888,
2486 998 2624 1054 quae
2652 985 2713 1040 in
2752 987 3009 1058 plurimis
3040 989 3174 1046 locis
3202 989 3301 1046 (18-

1711 1068 1842 1123 beat
1880 1084 2002 1123 esse
2040 1071 2289 1126 variatio.
2380 1070 2541 1125 Unde
2580 1070 2873 1131 observata
2903 1074 3211 1133 variatione
3238 1078 3301 1135 in

1712 1155 1895 1211 medio
1925 1155 2083 1229 mari,
2116 1155 2517 1227 conjunctaque
2542 1174 2667 1213 cum
2697 1162 2809 1233 poli
2840 1162 3167 1236 elevatione,
3198 1165 3297 1220 ha·-

1712 1242 1832 1299 beri
1859 1243 2013 1299 locus
2044 1248 2257 1316 posset,
2302 1249 2357 1298 et
2388 1243 2609 1299 taudem
2638 1248 2757 1303 erui
2787 1249 3017 1323 limites,
3058 1252 3297 1327 periodi,

1712 1329 1858 1400 leges
1898 1330 2247 1400 variationis,
2302 1335 2359 1386 et
2399 1330 2633 1389 fortasse
2675 1334 2839 1390 etiam
2869 1337 3013 1393 ratio
3042 1340 3183 1397 tanti
3211 1356 3300 1397 ar·-

1711 1418 1852 1473 eani.
1940 1416 2091 1473 Nihil
2132 1424 2317 1473 autem
2359 1419 2677 1495 prohibet„
2710 1422 2855 1492 quod
2896 1424 3151 1483 hactenus
3200 1444 3299 1484 ne-

1711 1506 1953 1575 glectum
1977 1510 2078 1579 est,
2106 1505 2283 1562 adhuc
2310 1506 2509 1578 curari,
2540 1510 2597 1561 et
2616 1508 2811 1563 8811818
2832 1510 3042 1567 consuli
3064 1516 3297 1585 posteri-

1713 1592 1813 1647 tati
1829 1632 1845 1665 ,
1906 1592 1989 1647 uti
2039 1594 2271 1649 arbores
2310 1593 2556 1649 venturis
2602 1595 2945 1667 plantamus3
2998 1600 3301 1672 saltemque

1710 1678 1987 1751 prohiberi
2004 1718 2021 1752 ,
2070 1697 2145 1735 ne
2183 1680 2383 1751 aliquis
2420 1685 2547 1752 post
2584 1682 2787 1738 inultos
2826 1698 3005 1739 annos
3044 1686 3113 1741 de
3141 1702 3303 1757 prae-

1710 1770 1865 1822 sente
1904 1766 2153 1838 neglectu
2187 1767 2342 1839 queri
2386 1765 2513 1835 jure
2552 1770 2755 1841 possit,
2808 1774 2873 1825 ut
2908 1786 3013 1825 nos
3050 1786 3194 1831 nunc
3232 1774 3303 1829 de

1710 1854 2007 1926 praeterito
2056 1854 2349 1935 querimur.
2438 1855 2631 1926 Itaque
2682 1858 3087 1930 propemodum
3120 1859 3303 1916 audeo

1708 1954 1744 1995 a
1771 1944 1828 1995 te
1855 1944 2059 2015 petere,
2089 1946 2154 1998 ut
2182 1957 2299 1998 rem
2330 1940 2403 1995 ad
2430 1942 2499 1997 R.
2529 1943 2590 1997 P.
2619 1944 3097 2002 Ptolomaeum
3128 1945 3301 2015 (cum

1709 2028 1887 2083 multa
1943 2043 1980 2084 a
2040 2043 2129 2085 me
2184 2028 2396 2098 saluts)
2455 2028 2669 2087 deferas
2727 2030 2953 2105 ejusque
3010 2033 3303 2091 consilium

1708 2118 1953 2187 expetas.

2348 2256 2665 2269 -----“

2094 2424 2655 2484 EPISTOLA
2740 2426 2908 2487 XIX.

1710 2546 2349 2605 Reverendissime
2410 2552 2644 2623 pater,
2709 2550 2948 2607 fautor
3006 2550 3300 2610 honora·

2358 2651 2643 2709 tissime.
3132 2662 3137 2669 '

1721 2838 1729 2843 -
1805 2807 1864 2862 Si
1904 2806 1965 2864 id
2002 2805 2153 2879 quod
2193 2806 2529 2865 Monadibus
2568 2808 2957 2879 superadditur
2996 2809 3069 2866 ad
3106 2810 3305 2869 1881811-

1711 2892 1842 2950 dam
1872 2895 2135 2952 unionem
2165 2894 2523 2952 substantiale
2564 2910 2685 2952 esse
2714 2910 2911 2970 negas,
2944 2896 3067 2966 jam
3104 2915 3307 2972 eorpus

1714 2981 2024 3038 substantia
2074 2982 2183 3036 dici
2223 2998 2337 3038 non
2376 2987 2587 3053 potest3
2635 2982 2715 3037 ita
2755 2984 2907 3038 enim
2946 3000 3159 3041 merum
3200 2989 3307 3044 erit

1712 3067 2023 3124 Monadum
2062 3073 2447 3142 aggregatum,
2478 3073 2537 3124 et
2566 3083 2787 3142 vereor,
2816 3087 2887 3126 ne
2914 3071 2975 3126 in
3004 3087 3155 3130 mera
3184 3089 3307 3130 eor·

1713 3171 1915 3228 porum
1964 3155 2343 3228 phaenomena
2393 3154 2617 3212 recidas.
2674 3156 2975 3214 .Monades
3022 3159 3171 3216 enim
3210 3177 3309 3233 per

1715 3259 1774 3299 se
1801 3258 1876 3298 ne
1904 3243 2071 3300 situm
2099 3241 2320 3314 quidem
2348 3242 2493 3298 inter
2522 3259 2585 3298 se
2612 3242 2831 3317 babent,
2858 3259 3056 3317 nempe
3074 3249 3305 3322 realem,

1715 3330 1812 3400 qui
1872 3330 2018 3386 ultra
2080 3329 2591 3386 Phaenomenorum
2664 3329 2915 3388 8111188111
2977 3335 3307 3403 porrigatur.

1721 3417 2096 3488 Unaquaeque
2146 3423 2233 3472 est
2273 3417 2428 3472 velut
2469 3420 2751 3490 separatus
2790 3418 3019 3490 quidam
3048 3422 3309 3496 mundus,

1717 3506 1774 3558 et
1822 3504 1881 3558 hi
1932 3521 2031 3576 per
2082 3503 2459 3576 phaenomena
2508 3519 2608 3560 888
2652 3505 3003 3562 consentiunt
3039 3507 3184 3566 iuter
3229 3525 3307 3582 88,

1716 3591 1873 3646 88118
1898 3591 2011 3646 8118
2040 3607 2140 3662 per
2168 3607 2229 3646 se
2254 3591 2583 3648 commercio
2598 3630 2615 3663 ,
2646 3607 2914 3663 nexuque.

1805 3677 1863 3732 Si
1893 3675 2221 3733 accidens
2250 3693 2442 3750 vocas,
2476 3677 2737 3750 quioquid
2764 3679 3133 3736 substantiam
3158 3696 3309 3738 8818-

1718 3764 1925 3836 pletam
1965 3765 2044 3820 ita
2081 3763 2367 3837 supponit,
2411 3769 2474 3820 ut
2512 3767 2834 3822 naturaliter
2854 3753 2859 3758 ’
2876 3767 2997 3822 8188
3036 3766 3159 3837 ipsa
3188 3783 3310 3824 esse

1721 3856 1981 3923 nequeat,
2037 3867 2151 3908 non
2180 3851 2450 3923 explicas,
2491 3852 2551 3906 in
2580 3853 2693 3923 quo
2728 3853 2992 3910 consistat
3020 3852 3108 3926 id,
3157 3853 3310 3924 quod

1718 3937 1985 3994 accidenti
2023 3942 2109 3993 est
2149 3937 2464 4009 essentiale,
2518 3942 2578 3994 et
2616 3955 2728 4010 quo
2758 3941 2923 3996 etiam
2953 3939 3014 3994 in
3042 3943 3188 3998 statu
3218 3957 3309 3997 811-

1717 4025 2052 4096 pernaturali
2093 4041 2128 4081 a
2168 4023 2475 4080 substantia
2516 4024 2775 4098 distingui
2818 4027 2999 4082 debet.
3090 4025 3309 4102 Peripa·

1717 4111 1871 4168 tetici
1910 4114 2137 4168 omniuo
2176 4111 2383 4183 aliquid
2422 4113 2780 4168 substantiale
2823 4117 3127 4185 agnoscunt
3152 4130 3309 4187 prae-

1719 4202 1802 4254 ter
1831 4197 2132 4270 Monades,
2178 4199 2387 4269 alioqui
2429 4200 2723 4255 8888811818
2766 4199 2917 4272 ipsos
2956 4201 3143 4256 881188
3179 4201 3307 4258 sub-

1718 4286 1952 4340 stantiae
2015 4288 2235 4358 praeter
2284 4283 2557 4342 Monades
2609 4288 2806 4342 forent.
2913 4287 2984 4342 Et
3046 4288 3309 4344 monades

1717 4389 1831 4428 non
1872 4375 2212 4428 constituunt
2263 4371 2623 4428 substantiam
2665 4376 2995 4446 completam
3035 4374 3308 4445 composi-

1717 4465 1851 4533 tam,
1884 4475 2013 4516 eum
2040 4473 2155 4515 non
2185 4459 2391 4514 faciant
2418 4476 2588 4515 uuum
2618 4476 2716 4531 per
2746 4477 2822 4534 se,
2856 4461 2947 4516 scd
2980 4477 3191 4517 merum
3214 4477 3307 4530 ag-

1715 4551 2031 4620 gregatum,
2079 4545 2189 4600 nisi
2227 4546 2448 4618 aliquod
2499 4547 2859 4606 substantiale
2897 4548 3177 4604 vinculum
3220 4564 3307 4604 ac-

1713 4635 1888 4690 cedat.
2998 4675 3003 4682 -

1801 4720 1891 4775 Ex
1920 4719 2223 4777 Harmonia
2262 4733 2375 4776 non
2414 4721 2597 4791 potest
2623 4719 2877 4793 probari,
2918 4719 3129 4790 aliquid
3158 4719 3311 4776 aliud

1713 4823 1838 4863 esse
1889 4808 1957 4867 ,18
2018 4808 2347 4882 corporibus
2361 4846 2407 4878 ,⁴
2444 4821 2611 4877 quam
2667 4807 3069 4862 Phaenomena.
3161 4805 3309 4878 Nam

1712 4893 1935 4951 aliunde
1984 4898 2233 4967 constat,
2283 4893 2647 4949 Harmoniam
2684 4895 3203 4950 Phaenomenorum
3252 4893 3311 4949 in

1713 4981 2003 5039 animabus
2042 4997 2155 5038 uon
2194 4980 2329 5038 oriri
2357 4995 2433 5037 ex
2460 4979 2673 5036 influxu
2700 4995 3023 5053 corporum,
3064 4978 3165 5036 sed
3194 4995 3313 5034 esse

1712 5068 2187 5145 praestabilium,
2228 5067 2397 5142 idque
2423 5067 2695 5126 sufficeret
2722 5067 2775 5125 si
2802 5067 2953 5128 solae
2980 5071 3168 5126 sessui
3194 5065 3311 5128 ani·-
