3717 5850
1177 342 1438 407 Lxxm
1529 341 1947 401 CAUSA
2032 340 2262 399 DEI.

3214 338 3345 407 659

165 487 274 543 79.
313 484 419 541 Sed
462 498 596 541 vera
635 481 798 541 radix
838 483 1028 556 lapsus
1055 486 1143 539 est
1171 482 1230 539 in
1258 482 1670 555 imperfectione
1709 521 1716 559 ,
1750 480 1824 537 ad
1851 479 1983 537 novi
2010 480 2261 554 corporis
2288 482 2535 555 organici
2564 482 2953 558 perfectionem
2980 486 3345 549 mouentium

65 591 166 631 seu
199 573 576 632 imbecillitate
603 576 974 629 creatmarmn
1015 569 1268 640 originali
1283 611 1316 645 ‚m
1338 586 1482 641 quae
1510 570 1673 629 sacie-

63 664 190 735 bat,
223 666 290 719 ut
317 664 601 733 peccatum
631 660 874 733 optimae
903 658 1060 717 seriei
1091 674 1278 716 rerum
1305 658 1554 730 possibili
1585 658 1672 713 in·-

63 753 220 805 esset
237 790 254 823 ,
309 750 377 805 de
429 764 542 821 quo
589 764 771 820 supra.
861 747 1022 803 Unde
1041 746 1164 815 jam
1194 748 1400 803 factum
1441 750 1555 819 est,
1608 749 1672 803 ut

62 839 292 910 lapsus,
345 852 460 893 non
489 836 746 893 obstante
796 834 983 893 divina
1033 836 1234 891 virtute
1271 839 1336 890 et
1373 834 1666 906 sapientia,

63 930 220 981 recte-
253 925 634 997 permittetur,
679 924 852 981 immo
893 922 982 981 bis
1007 922 1174 979 salvis
1203 938 1316 977 non
1345 925 1531 993 posset
1557 936 1672 979 non

63 1013 345 1089 permitti.

167 1101 276 1157 80.
319 1099 590 1155 Natura
640 1097 887 1169 lapsus
933 1113 1044 1153 non
1083 1097 1165 1153 ita
1203 1095 1560 1168 concipienda
1589 1099 1673 1151 est

67 1204 206 1243 cum
255 1186 526 1259 Baelio,
579 1186 734 1256 quasi
763 1187 909 1240 Deus
961 1185 1296 1239 Adamum
1335 1183 1396 1239 in
1435 1199 1672 1256 poenam

67 1275 290 1348 peccati
327 1272 771 1331 condemnaverit
809 1273 882 1327 ad
935 1289 1104 1345 porro
1158 1272 1492 1345 peccandum
1543 1286 1670 1326 cum

67 1363 432 1436 posteritate,
483 1362 642 1433 eique
683 1360 1104 1432 (exsequendae
1137 1360 1442 1415 sententiae
1467 1352 1670 1435 causa)

69 1450 618 1523 peccaminositatem
681 1447 973 1518 infuderit,
1031 1462 1157 1503 eum
1206 1448 1394 1520 potius
1443 1446 1564 1519 ipsa
1617 1447 1672 1501 vi

70 1540 248 1609 primi
291 1537 530 1610 peccati,
584 1536 732 1591 velut
769 1534 998 1608 physico
1023 1550 1201 1608 nexu,
1255 1540 1548 1591 consecuta
1598 1533 1682 1609 sit¹

69 1626 529 1699 peccaminositas
545 1664 563 1695 ,
595 1623 1062 1695 quemadmodum
1101 1640 1176 1679 ex
1203 1623 1470 1679 ebrictate
1499 1622 1674 1679 multa

71 1714 194 1771 alia
223 1718 444 1785 moenia
475 1716 784 1769 nascuntur.

175 1802 279 1857 81.
335 1799 671 1870 Sequitur
723 1794 1159 1869 Propagatio
1218 1796 1580 1869 contagii,
1641 1812 1676 1851 a

75 1891 244 1963 lapsu
283 1887 756 1960 Protoplastorum
797 1886 934 1955 orti,
977 1886 1298 1957 perveniens
1349 1886 1408 1939 iu
1459 1883 1701 1939 animas,

73 1983 448 2049 posterorum.
541 1975 620 2031 Ea
661 1988 776 2029 non
815 1972 1090 2029 videbitur
1123 1972 1471 2029 commodius
1499 1969 1676 2044 expli·

73 2066 198 2121 cari
229 2080 414 2136 posse,
445 2076 610 2133 quam
639 2060 958 2135 statuendo,
999 2062 1214 2117 animas
1243 2065 1584 2132 posterorum
1615 2056 1672 2114 in

72 2153 354 2209 Adamo
406 2149 519 2218 jam
569 2150 738 2205 fuisse
775 2148 1021 2205 infectas.
1109 2148 1272 2213 Quod
1313 2152 1375 2203 ut
1402 2146 1674 2217 intelliga-

71 2246 178 2299 tur
218 2240 444 2311 rectius,
481 2237 764 2293 sciendum
801 2239 888 2291 est
917 2237 1388 2294 armenum-um
1415 2236 1674 2291 observa·

73 2331 160 2385 tis
201 2326 610 2398 rationibusque
649 2325 940 2397 adparere,
996 2323 1318 2379 animalium
1359 2328 1420 2378 et
1451 2322 1667 2394 planta-

70 2433 210 2475 rum
247 2414 638 2473 formationem
679 2428 792 2467 non
831 2411 1054 2483 prodire
1103 2428 1176 2467 ex
1215 2426 1396 2467 massa
1435 2410 1676 2481 quadam

71 2506 339 2576 confusa,
381 2502 476 2561 sed
519 2518 592 2559 ex
618 2517 848 2575 corpore
868 2499 992 2567 jam
1021 2500 1274 2556 nonnihil
1303 2500 1676 2570 praeformato

73 2594 144 2649 in
177 2592 382 2649 semiue
409 2592 616 2647 latente
625 2630 642 2663 ,
685 2594 743 2645 et
771 2588 978 2645 dudum
1005 2589 1268 2645 animato.
1357 2586 1517 2643 Unde
1545 2600 1676 2643 con-

73 2696 322 2751 sequens
349 2684 462 2752 est,
497 2678 552 2732 vi
587 2676 980 2733 benedictionis
1007 2676 1224 2733 divinae
1254 2678 1312 2731 et
1341 2675 1672 2747 primaevae,

73 2768 338 2824 omnium
379 2765 682 2822 viventium
719 2764 1032 2819 rudimenta
1077 2764 1348 2835 quaedam
1400 2762 1678 2833 organice,

77 2856 187 2925 (et
238 2871 342 2928 pro
379 2851 716 2909 animalibus
753 2847 1006 2921 quidem,
1061 2851 1391 2906 animalium
1416 2850 1546 2905 licet
1573 2850 1678 2905 im-

72 2945 456 3016 perfectorum
486 2938 696 3006 t'orma)
723 2939 1042 3006 animasque
1081 2938 1490 3009 quodammodo
1531 2939 1678 3008 ipsas

73 3031 300 3085 dudum
351 3028 412 3083 iu
452 3025 802 3096 Protoplasto
843 3022 1104 3096 cujusque
1143 3024 1360 3095 generis
1401 3024 1682 3092 extitisse3

74 3133 240 3190 quae
292 3115 396 3172 sub
427 3119 674 3184 tempore
703 3113 890 3168 omnia
939 3112 1339 3168 evolverentur.
1427 3112 1534 3168 Sed
1564 3110 1682 3166 ani-

72 3222 208 3262 mas
233 3202 648 3271 animantiaque
671 3200 961 3272 seminum,
991 3199 1050 3256 in
1081 3199 1334 3256 humanis
1362 3199 1685 3270 corporibus

75 3293 522 3360 destinatorum,
551 3305 680 3345 cum
707 3288 934 3344 caeteris
961 3286 1304 3344 animalculis
1331 3286 1684 3344 seminalibus

77 3381 261 3436 talem
299 3377 722 3436 destinationem
753 3391 864 3432 non
895 3375 1243 3447 habentibus,
1277 3376 1422 3432 intra
1449 3375 1682 3444 gradum

77 3472 320 3524 naturae
357 3465 648 3522 sensitivae
685 3463 994 3520 substitisse
1023 3463 1313 3520 dicendum
1343 3467 1456 3537 est,
1509 3463 1685 3520 donec

79 3573 194 3629 per
223 3555 476 3612 ultimam
515 3552 934 3624 conceptionem
987 3568 1022 3608 a
1055 3553 1286 3608 caeteris
1313 3553 1682 3609 discerneren-

79 3648 213 3717 tur,
253 3642 526 3713 simulque
561 3657 762 3712 corpus
792 3639 1108 3712 organicum
1136 3631 1210 3696 ad
1235 3642 1464 3709 figuram
1493 3639 1683 3696 huma-

80 3747 226 3787 nam
255 3731 660 3802 disponeretur,
705 3733 762 3784 et
789 3728 978 3784 anima
1003 3726 1124 3796 ejus
1153 3727 1228 3784 ad
1255 3728 1488 3802 gradum
1513 3729 1684 3786 ratio-

83 3819 338 3875 nalitatis
379 3816 698 3886 (ordinaria
748 3833 818 3874 au
860 3815 1300 3874 extraordinaria
1338 3817 1444 3874 Dei
1491 3833 1685 3890 opera-

85 3906 250 3962 tione
279 3921 390 3962 non
419 3898 655 3977 definio)
687 3904 1024 3960 eveheretur.

187 3994 290 4048 82.
335 3993 496 4049 Unde
521 3993 691 4048 etiam
719 3993 976 4064 adparet,
1006 4007 1120 4048 non
1150 3990 1318 4048 statui
1345 3990 1572 4062 quidem
1599 4008 1686 4048 ra·

87 4081 421 4138 tionalitatis
449 4079 902 4152 praexistcntiam
918 4120 934 4152 ,
963 4079 1171 4136 censeri
1201 4083 1386 4136 tamen
1415 4095 1592 4152 posse,
1623 4079 1685 4136 in

89 4168 592 4243 praeexistentibus
628 4167 1010 4240 praestabiiita
1024 4165 1146 4235 jam
1169 4167 1434 4224 divinitus
1455 4171 1510 4223 et
1531 4183 1687 4241 prae-

89 4261 292 4332 parata
319 4273 438 4312 esse
465 4255 754 4328 proditura
780 4255 1104 4327 aliquando,
1157 4271 1268 4312 non
1307 4256 1686 4326 organismum

89 4348 310 4402 tantum
359 4346 692 4416 humanum,
755 4342 854 4398 sed
901 4347 958 4398 et
1005 4341 1184 4414 ipsam
1234 4343 1684 4416 rationalitatem,

91 4435 330 4506 signato,
359 4438 420 4490 ut
447 4433 527 4488 sic
555 4431 754 4503 dicam,
785 4434 910 4486 actu
937 4430 1238 4487 exercitum
1269 4431 1684 4504 praeveniente3

91 4521 369 4593 simulque
391 4526 450 4577 et
475 4520 882 4591 corruptionem
909 4518 1146 4590 animae,
1175 4519 1278 4576 etsi
1307 4519 1558 4578 nondum
1585 4521 1684 4576 hu·

89 4625 290 4666 manae
303 4648 320 4683 ,
359 4608 516 4681 lapsu
545 4607 600 4663 A
613 4608 696 4664 da
709 4607 798 4662 mi
827 4606 1133 4680 inductam,
1174 4611 1366 4678 postca
1393 4607 1684 4664 accedente

95 4695 482 4772 rationalitatis
529 4696 734 4766 gradu,
801 4694 1024 4752 demum
1075 4695 1134 4750 in
1185 4694 1682 4766 peccaminositatis

94 4783 376 4855 originalis
437 4784 554 4838 rim
614 4783 891 4839 hanniae·
991 4782 1282 4840 Caeterum
1328 4783 1562 4855 adparet
1609 4799 1684 4839 ex

95 4872 412 4928 novissimis
439 4871 676 4926 inventis
690 4910 707 4943 ‚
736 4888 772 4926 a
799 4870 922 4928 solo
949 4874 1108 4943 patre
1133 4871 1386 4926 animans
1413 4871 1682 4927 animam-

94 4977 200 5034 que
227 4977 374 5032 esse,
415 4963 479 5015 at
511 4975 548 5015 a
577 4963 758 5016 matre
795 4958 856 5014 in
893 4963 1160 5031 conceptu
1207 4959 1360 5015 velut
1396 4958 1689 5016 indumen-

95 5055 230 5126 tum,
259 5041 438 5124 (ovuli
465 5048 664 5122 forma,
693 5055 760 5105 ut
786 5046 1154 5113 arbitrantur)
1183 5045 1686 5120 incrementumque

1753 567 2023 641 praeberi.

1846 654 1950 712 83.
1982 655 2067 710 Ita
2098 655 2365 711 tolluntur
2393 656 2758 732 difficultateS,
2791 663 2908 715 tum
2930 660 3345 735 philosophicae

1754 743 1824 799 de
1852 743 2063 813 origine
2089 745 2395 799 formamur
2422 748 2477 799 et
2506 745 2846 819 animarum,
2888 748 3211 822 animaeque
3238 752 3343 807 im·-

1755 831 2171 904 materialitate,
2211 831 2461 903 adeoque
2488 832 2992 910 impartiabilitate,
3022 853 3165 909 quae
3191 838 3341 911 facit,

1755 924 1816 975 ut
1845 918 2034 975 anima
2060 934 2135 973 ex
2164 918 2350 974 anima
2380 921 2527 975 nasci
2558 937 2673 977 non
2701 936 2833 993 poss

1847 1007 1954 1061 84.
1984 1006 2127 1063 Tum
2150 1005 2511 1079 Theologicae
2540 1009 2611 1065 de
2636 1010 2944 1065 animarum
2972 1012 3341 1087 corruptione,

1757 1110 1825 1149 ne
1855 1095 2047 1149 anima
2076 1093 2361 1149 rationalis
2390 1110 2558 1169 pura,
2592 1098 2679 1151 vel
2705 1099 3093 1170 praeexistens»,
3127 1101 3213 1156 vel
3242 1116 3343 1156 no-

1757 1182 1899 1237 viter
1927 1187 2140 1253 creata,
2195 1181 2253 1235 in
2282 1198 2521 1239 massam
2548 1190 2897 1259 corruptam,
2948 1188 3345 1260 corrumpenda

1756 1273 1812 1325 et
1841 1269 1981 1342 ipsa,
2016 1268 2220 1325 intrudi
2250 1286 2285 1323 a
2315 1270 2433 1341 Deo
2460 1271 2688 1327 dicatur.

1849 1358 1953 1411 85.
1986 1358 2102 1411 Erit
2130 1373 2260 1427 ergo
2290 1358 2516 1415 Tradux
2542 1358 2791 1433 quidam,
2823 1361 2918 1417 sed
2941 1360 3129 1434 paullo
3149 1364 3347 1421 tracta-

1758 1443 1943 1515 bilior,
1970 1460 2135 1517 quam
2166 1444 2274 1519 ille,
2308 1460 2469 1517 quem
2501 1449 2962 1521 Augustiana,
2992 1450 3197 1519 aliique
3225 1451 3345 1507 Viri

1758 1534 1978 1605 egregii,
2012 1537 2341 1605 statuerunt,
2374 1550 2484 1589 non
2516 1535 2732 1591 animae
2760 1552 2832 1591 ex
2861 1539 3046 1593 anima
3090 1532 3351 1612 (rejectus

1759 1621 2049 1693 veteribus,
2080 1624 2139 1675 ut
2170 1636 2242 1675 ex
2286 1622 2664 1678 Prudentio
2695 1627 2865 1697 patet,
2898 1641 2997 1681 nec
3016 1631 3242 1681 naturae
3264 1643 3348 1681 re-

1761 1724 1884 1765 rum
1913 1702 2333 1784 consentaneus)
2361 1710 2456 1765 sed
2487 1710 2719 1767 animati
2740 1729 2810 1769 ex
2832 1714 3093 1771 animato.

1853 1796 1955 1851 86.
2008 1796 2285 1851 Hactenus
2334 1795 2405 1851 de
2453 1814 2643 1871 causa,
2695 1816 2841 1857 nunc
2888 1800 2961 1857 de
3008 1804 3263 1857 natura
3290 1808 3351 1861 ct

1761 1882 2147 1938 constitutione
2174 1885 2671 1955 corruptionis
2702 1892 2956 1944 nostrae:
2994 1904 3061 1943 ea
3083 1890 3351 1961 ‘consistit

1759 1971 1820 2026 in
1871 1972 2095 2042 peccato
2146 1970 2399 2039 originali
2451 1976 2509 2027 ct
2556 1973 2881 2029 derivativo.
2982 1976 3353 2033 Peccatum

1759 2057 2119 2128 originale
2168 2062 2381 2113 tantam
2422 2058 2536 2113 vim
2586 2060 2782 2132 habet,
2838 2066 2899 2117 ut
2940 2063 3187 2119 homines
3228 2065 3350 2120 red·

1760 2148 1856 2203 dat
1884 2145 1943 2201 in
1974 2146 2313 2201 naturalibus
2340 2146 2579 2219 debiles,
2613 2148 2673 2202 in
2701 2149 3075 2221 spiritualibus
3105 2155 3355 2209 mortuos

1759 2238 1889 2289 ante
1924 2234 2389 2303 regenerationem
2404 2246 2421 2305 ς
2466 2234 2741 2293 intellectu
2782 2236 2851 2291 ad
2894 2239 3202 2313 sensibilia,
3256 2256 3354 2297 vo·

1757 2323 1972 2379 luntate
2012 2322 2083 2378 ad
2122 2322 2365 2379 carnalia
2406 2324 2606 2397 versis3
2648 2324 2729 2380 ita
2767 2329 2830 2381 ut
2868 2332 3067 2385 natura
3108 2328 3207 2387 filii
3236 2328 3353 2387 irae

1761 2427 1951 2467 simus.

1853 2499 1955 2553 87.
1986 2496 2213 2553 Interim
2246 2497 2460 2569 Baelio,
2491 2498 2723 2571 aliisque
2751 2500 3081 2557 adversariis
3106 2502 3357 2561 divinam

1762 2585 2157 2655 benignitatem
2196 2586 2673 2660 impugnantibuS‚
2726 2593 2824 2643 aut
2866 2590 3060 2644 saltem
3104 2606 3205 2662 per
3252 2591 3355 2647 ob-

1751 2672 2019 2742 jectiones
2069 2674 2335 2744 quasdam
2386 2690 2509 2729 suas
2538 2675 3017 2747 obnubilantibus,
3060 2678 3357 2735 concedere

1762 2776 1875 2819 nou
1902 2766 2153 2833 oportet,
2196 2778 2289 2817 eos
2318 2762 2414 2835 qui
2444 2762 2549 2818 soli
2580 2760 2803 2835 peccato
2831 2765 3087 2835 originali
3118 2766 3355 2823 obnoxii

1761 2850 1881 2904 sine
1932 2848 2135 2903 actuali
2187 2854 2318 2902 ante
2370 2850 2723 2905 sufficientem
2772 2854 3003 2908 rationis
3045 2868 3203 2909 usum
3232 2870 3355 2911 mo-

1763 2938 1983 2992 riuntur
2034 2930 2242 3011 (veluti
2284 2935 2521 2991 infantes
2560 2944 2687 2993 ante
2728 2940 3061 3011 baptismum
3100 2948 3158 2998 ct
3196 2948 3357 3000 extra

1765 3023 2067 3080 Ecclesiam
2128 3021 2485 3090 decedentes)
2546 3027 2851 3082 necessario
2907 3030 3144 3084 aeternis
3200 3031 3356 3087 flam-

1767 3111 1876 3166 mis
1914 3109 2123 3166 addici:
2159 3109 2297 3165 tales
2336 3110 2487 3165 enim
2526 3111 2847 3170 clementiae
2876 3115 3151 3172 Creatoris
3192 3119 3359 3174 relin-

1765 3199 1860 3272 qui
1892 3201 2149 3270 praestat.
2641 3185 2659 3194 “
3232 3273 3237 3278 .

1862 3287 1962 3342 88.
2004 3286 2129 3352 Qua
2168 3285 2225 3340 in
2256 3302 2315 3341 re
2340 3286 2507 3342 etiam
2536 3287 2801 3344 Johaunis
2831 3289 3223 3366 Hulsemanni‚
3260 3292 3361 3348 Jo-

1767 3375 1965 3431 hannis
2004 3373 2207 3430 Adami
2248 3374 2531 3448 Osiandri,
2584 3376 2927 3450 aliorumque
2968 3381 3361 3439 nonnullorum

1767 3463 2063 3535 insignium
2126 3464 2484 3531 Augustauae
2540 3464 2908 3524 Confessionis
2950 3467 3361 3540 Theologorum

1769 3551 2203 3608 moderationem
2234 3552 2427 3624 laudo,
2478 3552 2574 3624 qui
2604 3553 2836 3610 subinde
2866 3559 2969 3613 huc
2998 3557 3349 3614 inclinarunt.

1860 3639 1961 3696 89.
2004 3638 2193 3710 Neque
2220 3639 2389 3696 etiam
2428 3640 2705 3700 extinctae
2732 3649 2861 3700 sunt
2898 3645 3118 3716 penitus
3157 3645 3363 3704 scintil-

1767 3729 1856 3784 lae
1885 3727 2141 3797 imaginis
2168 3726 2407 3801 divinae,
2438 3727 2507 3782 de
2534 3731 2733 3800 quibus
2764 3733 2931 3803 paulo
2957 3739 3113 3804 post3
3143 3734 3239 3788 sed
3260 3749 3363 3806 per

1769 3815 2007 3886 gratiam
2062 3815 2165 3870 Dei
2218 3816 2659 3888 praevenientem
2710 3819 2880 3874 etiam
2928 3820 3003 3877 ad
3052 3820 3363 3892 spiritualia

1769 3919 1958 3960 rursus
1998 3902 2227 3958 excitari
2266 3909 2521 3976 possunt:
2574 3905 2655 3962 ita
2692 3910 2897 3980 tamen,
2936 3910 2998 3964 ut
3034 3909 3153 3964 sola
3182 3909 3363 3979 gratia

1767 3991 2243 4050 conversationem
2271 3995 2546 4063 operetur.
2603 4053 2609 4058 Ι

1862 4079 1963 4136 90.
2014 4078 2123 4136 Sed
2162 4095 2265 4136 nec
2304 4079 2572 4152 originale
2610 4083 2893 4152 peccatum
2922 4085 3242 4156 corruptam
3272 4100 3363 4157 ge-

1769 4167 1919 4224 neris
1958 4167 2181 4224 humaui
2220 4183 2459 4224 massam
2496 4183 2531 4222 a
2572 4168 2677 4224 Dei
2722 4170 3105 4246 benevolentia
3144 4172 3362 4229 univer-

1769 4257 1873 4312 sali
1902 4256 2121 4327 penitus
2158 4257 2399 4312 alienam
2436 4255 2633 4312 reddit.
2726 4257 2871 4314 Nam
2900 4260 3255 4316 nihilomiuus
3280 4260 3363 4316 sic

1770 4345 1917 4400 Deus
1954 4343 2151 4402 dilexit
2189 4343 2483 4417 mundum,
2526 4344 2653 4400 licet
2690 4343 2751 4400 in
2782 4347 2931 4402 malo
2952 4346 3255 4422 jacentem,
3298 4351 3361 4408 ut

1769 4433 1973 4491 Filium
1998 4447 2159 4488 suum
2188 4432 2529 4502 unigenitum
2556 4449 2657 4504 pro
2687 4433 3001 4492 hominibus
3030 4434 3202 4496 daret.

1858 4519 1959 4576 91.
2019 4521 2377 4578 Peccatum
2446 4519 2919 4578 derivativum
2982 4523 3185 4596 duplex
3252 4525 3357 4596 est,

1765 4607 1979 4664 actuale
2007 4611 2065 4662 et
2093 4606 2400 4680 habituale,
2444 4609 2503 4664 in
2533 4608 2731 4681 quibus
2758 4610 3007 4666 consistit
3034 4611 3359 4668 exercitium

1765 4695 2160 4768 corruptionis,
2202 4700 2265 4753 ut
2284 4697 2516 4756 scilicet
2542 4697 2679 4752 haec
2704 4699 2979 4766 gradibus·
2996 4697 3356 4755 modificatio-

1765 4782 2035 4854 nibusque
2063 4783 2267 4856 variet,
2298 4785 2551 4857 varieque
2578 4783 2637 4840 in
2664 4787 2911 4842 actiones
2940 4788 3276 4858 prorumpat.
3356 4809 3363 4816 ·

1857 4869 1961 4926 92.
2000 4870 2073 4927 Et
2111 4872 2387 4929 actuale
2422 4873 2645 4945 quidem
2672 4874 2925 4930 consistit
2951 4879 3069 4929 tum
3096 4871 3155 4926 in
3186 4869 3351 4926 actio·

1765 4955 1931 5014 nibus
1980 4957 2211 5016 internis
2263 4964 2506 5034 tantum,
2558 4967 2677 5017 tum
2714 4960 2771 5016 in
2810 4959 3165 5017 electionibus
3203 4973 3351 5014 corn-

1765 5045 1961 5118 positis
1988 5062 2061 5102 ex
2090 5047 2321 5106 internis
2348 5054 2405 5107 et
2432 5049 2705 5120 externis,
2748 5051 2805 5102 et
2834 5051 2919 5104 est
2950 5052 3067 5103 tum
3096 5043 3353 5104 commis-
