3717 5850
254 251 469 394 '⁸44

1473 334 1543 390 11.
1597 333 1700 390 DE
1726 335 1930 391 ARTE
1967 287 2544 392 ooMBINA'PoRm.

488 484 673 535 movet
714 477 787 533 ad
826 476 1009 534 media
1057 475 1423 551 producenda,
1476 481 1534 532 et
1571 477 1724 534 ducit
1764 479 1837 534 ad
1877 495 1968 534 eo·

490 568 823 641 gnoscendn3
870 565 1017 638 quod
1068 567 1126 622 in
1176 565 1245 620 iis
1297 582 1437 638 quae
1488 583 1809 638 cognoscere
1848 571 1967 624 tan-

492 663 626 728 tum,
681 673 795 711 non
844 655 1011 710 etiam
1060 657 1271 710 efficere
1324 672 1611 727 possumus
1660 673 1813 712 secus
1867 661 1966 712 est.

490 747 777 802 Prae-terea
826 745 929 800 etsi
968 744 1149 800 onmis
1186 744 1472 799 methodus
1510 745 1663 800 licita
1699 749 1811 819 est,
1854 761 1969 802 non

490 838 677 890 tamen
704 834 887 890 onmis
916 833 1155 906 expedit.
1239 833 1296 888 5.
1328 833 1685 906 syllogismus
1725 851 1841 890 non
1883 839 1968 890 cst

491 924 615 979 finis
642 923 893 996 Logicae,
922 923 1019 978 sed
1046 922 1438 994 contemplatio
1466 923 1730 995 simplex3
1772 940 1972 999 propo-

490 1013 621 1069 sitio
660 1031 790 1069 vero
831 1017 917 1067 est
944 1013 1186 1068 medium
1214 1010 1287 1067 ad
1314 1011 1471 1084 hauc,
1512 1012 1862 1084 syllogismus
1900 1013 1972 1069 ad

490 1102 941 1176 propositionem.

580 1244 652 1301 11.
698 1243 1237 1300 METAPHYSICA.
1290 1242 1341 1298 l.
1371 1242 1745 1298 Infinitum
1774 1243 1972 1299 aliud

494 1320 638 1388 alio
678 1332 903 1401 majus
941 1336 1061 1387 est.
1153 1331 1439 1387 Cardan.
1470 1331 1760 1388 Aritlunet.
1792 1333 1969 1388 Pract.

492 1439 541 1477 c.
575 1423 675 1476 66.
708 1438 764 1478 n.
807 1423 945 1476 165.
978 1425 1033 1475 et
1076 1419 1219 1474 260.
1282 1420 1582 1476 Dissentire
1622 1421 1820 1477 dicitur
1857 1424 1971 1478 Sc.-

496 1511 660 1566 thus
716 1509 1007 1565 Wardus
1066 1508 1126 1564 in
1194 1507 1555 1566 Aritlunetica
1612 1510 1967 1566 infinitorum.

496 1599 557 1652 2.
621 1599 769 1652 Deus
830 1602 913 1654 est
973 1596 1308 1669 substantia,
1370 1599 1629 1654 Creatura
1703 1600 1966 1656 accidens

498 1688 553 1742 3.
583 1687 814 1742 Necesse
841 1690 924 1742 est
964 1685 1091 1741 dari
1128 1685 1473 1760 disciplinam
1512 1689 1581 1742 (10
1618 1693 1868 1744 creatura
1909 1689 1970 1744 in

492 1794 705 1850 genere,
747 1775 841 1832 sed
886 1791 952 1832 ca
981 1777 1093 1830 fere
1120 1775 1282 1831 hodie
1322 1775 1380 1830 in
1412 1775 1782 1849 Mctaphysica
1824 1795 1972 1833 com-

494 1864 857 1938 prehenditur.
944 1863 998 1918 4.
1043 1863 1155 1918 Vix
1204 1868 1289 1920 est
1338 1865 1623 1936 probabile
1674 1866 1973 1922 terminum

492 1971 685 2010 causae
714 1954 1009 2009 univocum
1037 1957 1359 2026 conceptum
1388 1953 1581 2026 dicere,
1624 1955 1697 2010 ad
1738 1956 1972 2012 efficien-

494 2047 624 2116 tem,
657 2041 1014 2114 materialem,
1049 2042 1351 2115 sonnalem‚
1384 2043 1617 2098 finalem.
1684 2044 1829 2100 Nam
1862 2062 1972 2100 vox

494 2130 733 2187 influxus
761 2131 953 2187 itidem
982 2131 1113 2204 quid
1140 2131 1250 2188 nisi
1279 2148 1391 2188 vox
1421 2132 1536 2188 cst!

582 2255 676 2312 111.
721 2249 1044 2312 PHYSICA.
1127 2256 1179 2310 1.
1218 2257 1401 2321 Quum
1450 2255 1849 2312 observandum
1901 2257 1974 2312 sit

493 2344 605 2400 alia
660 2345 855 2400 mundi
920 2360 1151 2416 corpora
1208 2345 1417 2401 moveri
1488 2345 1631 2400 circa
1687 2346 1972 2418 proprium

492 2449 675 2505 axelii,
714 2433 861 2490 idem
892 2433 961 2488 (10
990 2437 1135 2488 terra
1172 2435 1471 2490 absurdum
1510 2451 1624 2488 non
1664 2439 1747 2490 est
1784 2451 1972 2507 quem·

492 2522 793 2578 admodum
818 2539 919 2577 nce
954 2522 1304 2578 contrarium.
1377 2523 1431 2577 2.
1464 2525 1647 2588 Quum
1680 2541 1970 2597 corporum

492 2628 708 2667 summa
736 2610 1048 2666 differentia
1074 2611 1147 2666 sit
1186 2613 1413 2668 densum
1454 2616 1511 2668 ct
1548 2629 1751 2685 rarum,
1795 2613 1971 2669 mani·

494 2702 693 2756 festum
730 2704 816 2755 cst
852 2703 1089 2772 quatuor
1130 2701 1334 2773 primas
1371 2700 1688 2773 qualitati-3,
1730 2701 1810 2756 ita
1850 2702 1971 2757 illu-

492 2789 655 2844 strari
693 2805 877 2862 posse:
922 2789 1224 2845 Humidum
1263 2794 1347 2845 est
1385 2807 1599 2862 rarum,
1639 2790 1849 2846 Siccum
1889 2794 1972 2847 est

492 2878 739 2951 densum,
770 2878 1020 2935 Calidum
1048 2883 1132 2936 est
1158 2878 1569 2952 rarefactivum‚
1606 2879 1818 2937 Siccum
1844 2897 1973 2936 con-

493 2968 852 3023 densativum.
922 2969 1099 3024 Omne
1135 2973 1322 3024 autem
1357 2985 1544 3024 rarum
1582 2970 1740 3025 facile
1778 2970 1972 3026 alienis

495 3056 743 3112 terminis
764 3057 1087 3127 continetur,
1110 3058 1400 3113 difficulter
1420 3059 1563 3129 suist,
1594 3060 1822 3115 densum
1842 3076 1970 3114 con-

498 3150 609 3200 tra:
655 3147 727 3200 Et
765 3161 929 3201 omne
955 3146 1280 3202 rara-faciens
1318 3147 1534 3218 copiam
1573 3148 1701 3202 lacit
1739 3148 1799 3202 in
1843 3165 1970 3203 raro

495 3233 845 3305 homogeneis
873 3233 944 3288 ad
974 3250 1032 3289 se
1061 3233 1293 3291 invicem
1323 3236 1681 3307 properandi,
1723 3239 1780 3290 ct
1822 3237 1964 3291 hete-

495 3321 743 3394 rogeneis
784 3338 842 3375 se
880 3322 1200 3393 separandi3
1241 3322 1438 3393 quibus
1478 3324 1539 3378 in
1566 3324 1735 3379 denso
1767 3325 1857 3379 via
1885 3326 1968 3380 in-

496 3410 729 3465 terclusa
756 3412 852 3464 est.
901 3410 1059 3465 Unde
1088 3410 1467 3467 definitionum
1496 3412 1968 3469 Aristotelicarum

496 3498 639 3554 ratio
668 3496 925 3553 redditur.
985 3498 1175 3571 Neque
1204 3498 1363 3571 ignis,
1405 3501 1499 3572 qui
1542 3518 1696 3557 rarus
1733 3520 1849 3558 esse
1889 3503 1968 3557 vi-

497 3586 673 3657 detur,
714 3601 885 3657 quum
924 3590 1110 3643 tamen
1152 3588 1322 3643 siccus
1363 3606 1483 3643 csse
1512 3588 1722 3663 debeat,
1764 3593 1964 3647 obstat.

494 3674 641 3731 Nam
678 3676 1008 3748 respondeo:
1061 3676 1225 3733 Aliud
1269 3677 1557 3734 dicendum
1596 3679 1665 3735 de
1704 3680 1829 3752 igue
1870 3699 1968 3754 pcr

494 3780 581 3836 se,
611 3764 763 3820 aliud
800 3764 870 3819 de
910 3764 1035 3836 igne
1076 3766 1174 3821 alii
1210 3768 1425 3839 corpori
1465 3768 1793 3841 inhaerente,
1836 3786 1970 3824 nam

492 3852 611 3921 ejus
670 3857 925 3909 naturam
982 3854 1237 3927 sequitur.
1303 3855 1389 3912 Ita
1438 3862 1607 3930 patet,
1668 3858 1966 3929 flammam,

492 3935 634 4015 quae
671 3942 807 3997 nihil
846 3942 997 3999 aliud
1039 3949 1123 3999 cst
1148 3960 1313 4016 quam
1342 3949 1437 4000 aer
1475 3946 1695 4020 ignitus,
1742 3947 1968 4003 fluidam

492 4048 610 4086 esse
638 4032 853 4101 debere,
882 4032 1375 4103 quaemadmodum
1402 4041 1460 4090 et
1486 4038 1582 4090 ai‘r
1606 4034 1747 4108 ipse;
1776 4040 1970 4092 contra

492 4120 678 4192 ignem
728 4118 789 4174 in
844 4121 986 4175 ferro
1025 4120 1201 4194 ignito
1238 4121 1654 4199 consistentem,
1708 4124 1968 4197 quemad-

2069 479 2296 534 modum
2325 483 2384 534 et
2412 481 2616 534 senum
2645 477 2841 550 ipsum.
2918 477 2974 533 3.
3005 477 3134 534 Vim
3162 477 3433 552 Magnetis
3470 483 3542 538 ab

2069 568 2381 624 Adamante
2409 567 2528 622 sisti
2559 569 2743 622 fictum
2773 573 2871 622 est.

2158 658 2248 713 lV.
2309 656 2697 712 PRACTICA:
2758 655 2786 710 l
2799 698 2812 711 .
2851 656 3076 711 Justitia
3123 653 3543 729 (particularis)

2069 749 2152 802 est
2190 745 2362 800 virtus
2399 762 2622 800 servans
2663 745 3094 801 mediocritatem
3141 747 3284 801 circa
3321 747 3544 802 affectus

2069 835 2307 892 hominis
2333 851 2462 906 erga
2489 833 2783 906 hominem,
2807 833 3041 903 juvandi
3069 839 3128 890 et
3161 835 3410 908 nocendi,
3451 854 3545 893 seu

2073 927 2318 980 favorem
2345 930 2403 979 et
2431 924 2620 980 odium
2658 924 2848 995 regula
2885 923 3280 979 mediocritatis
3317 928 3428 979 oet:
3481 926 3544 981 li-

2072 1031 2194 1069 cere
2221 1031 2289 1068 00
2317 1029 2490 1084 usque
2517 1014 2750 1068 alterum
2790 1005 2940 1088 (me)
2972 1011 3186 1084 juvare,
3229 1029 3339 1084 quo
3377 1031 3546 1086 usque

2075 1097 2290 1180 (alteri)
2321 1102 2484 1158 tertio
2511 1118 2628 1158 non
2654 1106 2897 1156 nocetur.
2969 1101 3090 1157 Hoc
3127 1101 3417 1158 observate
3455 1120 3544 1158 ne-

2074 1209 2220 1248 eesse
2248 1195 2348 1262 cst,
2379 1196 2443 1246 ut
2470 1196 2720 1247 tueamur
2750 1189 3212 1246 Aristotelem
3241 1195 3434 1246 contra
3459 1211 3544 1248 ca-

2073 1281 2266 1336 villum
2305 1279 2569 1352 Grotii‚
2610 1280 2706 1353 qui
2745 1279 2814 1335 de
2849 1279 2904 1334 J.
2940 1280 3000 1334 B.
3039 1283 3098 1335 et
3136 1280 3196 1336 P.
3239 1280 3540 1352 Prolegom.

2073 1363 2154 1400 *³⁸*
2187 1372 2243 1425 4.
2275 1371 2378 1424 fac.
2411 1385 2462 1424 a.
2493 1369 2574 1424 ita
2602 1369 2762 1424 dicit:
2816 1369 2980 1423 »Non
3018 1373 3162 1425 recte
3199 1373 3386 1425 autem
3427 1371 3544 1426 uni·

2078 1458 2394 1514 »versaliter
2444 1457 2686 1530 positum
2739 1457 2842 1512 hoe
2895 1458 3310 1514 fundamentum
3361 1451 3544 1534 (quod

2077 1547 2286 1603 »virtus
2314 1546 2494 1620 posita
2520 1546 2594 1601 sit
2621 1547 2679 1601 in
2709 1547 3112 1616 mediocritate)
3134 1549 3219 1602 vel
3239 1547 3545 1616 exjustitia

2078 1639 2356 1709 »apparet‚
2385 1635 2472 1691 cui
2502 1635 2816 1708 oppositum
2853 1635 3085 1691 nimium
3113 1639 3171 1690 et
3197 1653 3394 1708 parum
3423 1655 3546 1693 cum

2078 1725 2178 1780 »in
2205 1724 2488 1780 affectibus
2517 1729 2574 1779 01
2600 1725 2950 1796 sequentibus
2991 1742 3084 1780 cas
3119 1725 3430 1782 actionibus
3467 1727 3546 1782 in·

2079 1814 2302 1870 »venire
2321 1830 2443 1870 -non
2471 1818 2656 1886 posset
2695 1808 3242 1889 (Aristoteles),
3281 1815 3342 1870 in
3385 1816 3546 1872 rebus

2080 1903 2250 1976 »ipsis
2299 1902 2442 1958 circa
2491 1917 2627 1974 quas
2680 1901 2900 1971 justitia
2951 1907 3197 1958 versatur
3255 1907 3546 1977 utrumque

2079 1991 2402 2064 »quaesit-it,
2433 1992 2580 2063 quod
2609 1991 2790 2064 ipsum
2817 1990 3056 2063 primum
3093 1995 3177 2047 est
3217 1992 3438 2048 desilire
3479 1995 3545 2048 (10

2081 2097 2312 2153 »genere
2341 2081 2399 2136 in
2429 2097 2600 2149 genus
2628 2081 2862 2136 alterum
2901 2081 3046 2152 quod
3086 2078 3145 2135 in
3183 2081 3306 2136 aliis
3345 2083 3544 2138 merito

2080 2171 2354 2242 »culpat«
2421 2169 2554 2225 Vult
2581 2185 2778 2242 nempe
2819 2169 3113 2225 Grotius
3156 2170 3453 2242 incongrue
3488 2172 3544 2225 in

2073 2256 2351 2332 speciebus
2393 2258 2681 2313 divisionis
2718 2257 2948 2327 alicujus
2987 2259 3228 2329 aliquam
3277 2259 3543 2330 interseri,

2073 2363 2212 2420 quae
2239 2363 2314 2402 ex
2341 2347 2453 2402 alio
2483 2364 2702 2420 prorsus
2740 2347 3020 2405 dividendi
3059 2349 3422 2405 fundamento
3457 2350 3542 2404 (10-

2069 2436 2305 2508 rivetur3
2337 2436 2510 2507 (quod
2541 2439 2701 2492 vocat
2729 2435 2912 2491 minus
2933 2436 3320 2510 philosophice,
3353 2452 3544 2510 μετα-

2073 2506 2332 2596 βαίνειν
2359 2513 2447 2586 εἰς
2475 2513 2644 2576 ἄλλο
2678 2507 2900 2596 γένος)
2929 2529 2988 2579 01
3013 2529 3158 2581 certe
3199 2526 3352 2582 aliud
3399 2543 3540 2599 pror-

2069 2630 2162 2668 sus
2213 2618 2297 2669 est
2346 2613 2690 2669 mediocritas
2739 2614 3062 2684 affoetuu1113
3112 2614 3259 2670 aliud
3274 2655 3291 2687 ‚
3345 2631 3541 2671 rerum.

2073 2702 2314 2758 Virtutes
2353 2717 2568 2775 quoque
2606 2719 2720 2757 non
2757 2719 2941 2757 rerum
2980 2703 3073 2758 sed
3103 2703 3418 2759 animorum
3454 2706 3542 2761 ha-

2072 2791 2220 2846 bitus
2278 2795 2423 2846 sunt.
2519 2792 2702 2855 Quare
2769 2791 3106 2846 ostendimus
3154 2791 3434 2860 justitiam
3489 2797 3541 2847 ct

2071 2880 2249 2953 ipsam
2307 2881 2367 2936 in
2437 2881 2732 2936 affectuum
2791 2880 3166 2937 moderatione
3225 2897 3346 2937 esse
3406 2881 3541 2955 pmi-

2073 2974 2204 3024 tam.
2311 2970 2366 3023 2.
2424 2968 2552 3025 Non
2604 2970 2787 3041 inepte.
2845 2970 2978 3025 dicit
3038 2971 3540 3040 Trasymachus

2072 3059 2220 3131 apud
2259 3058 2624 3114 Platonem
2658 3059 2728 3114 de
2767 3059 2998 3131 Republ.
3040 3057 3134 3115 lib.
3173 3058 3226 3114 l.
3267 3061 3367 3115 fol.
3401 3060 3538 3115 379.

2070 3149 2105 3202 J
2109 3152 2289 3202 ustum
2325 3164 2442 3202 esse.
2482 3147 2777 3220 potentiori
2819 3147 2969 3204 utile.
3033 3148 3178 3203 Nam
3223 3149 3376 3204 Deus
3423 3166 3539 3221 pro·

2072 3236 2190 3311 prie
2217 3241 2274 3291 et
2302 3236 2619 3309 simpliciter
2646 3240 2730 3291 ost
2756 3236 2979 3292 caeteris
3017 3237 3310 3310 potentior,
3349 3232 3540 3315 (homo

2070 3326 2220 3381 enim
2247 3325 2468 3380 homine
2495 3325 2744 3381 absolute
2771 3325 3051 3398 potentior
3089 3343 3204 3381 non
3231 3332 3335 3399 est,
3377 3344 3538 3400 quum

2071 3414 2189 3470 fieri
2219 3413 2419 3485 possit,
2461 3418 2524 3468 ut
2561 3418 3036 3486 quantumcunque
3073 3415 3330 3471 robustus
3364 3417 3436 3472 ab
3464 3417 3540 3471 in-

2069 3503 2225 3558 firmo
2255 3493 2586 3576 occidatur).
2645 3504 2934 3559 Caeterum
2962 3503 3066 3559 Dei
3105 3503 3314 3559 utilitas
3343 3522 3456 3561 non
3486 3505 3540 3559 in

2068 3590 2240 3663 luere,
2272 3592 2368 3647 sed
2397 3592 2603 3649 honore
2633 3592 2896 3648 consistit.
2965 3592 3137 3664 Igitur
3166 3593 3418 3650 Gloriam
3443 3593 3538 3649 Dei

2069 3696 2381 3735 mensuram
2409 3680 2590 3736 omnis
2619 3680 2762 3750 juris
2789 3698 2906 3736 esse
2934 3682 3286 3737 manifestum
3315 3690 3414 3739 est.
3474 3684 3542 3737 Et

2068 3769 2164 3841 qui
2192 3769 2497 3841 Theologos
2525 3768 2834 3826 moralistas
2855 3774 2912 3825 et
2938 3786 3160 3825 casumn
3179 3772 3541 3828 eonscientiae

2068 3860 2357 3931 scriptores
2399 3858 2662 3929 consulet,
2686 3857 2894 3913 videbit
2915 3876 2982 3914 eo
3003 3859 3323 3932 plerumque
3345 3861 3540 3917 discur-

2069 3964 2161 4002 sus
2189 3963 2318 4001 suos
2346 3947 2408 4001 in
2435 3947 2534 4003 hac
2565 3947 2808 4003 fundare.
2876 3948 3184 4005 Constituto
3224 3948 3394 4019 igitur
3433 3966 3540 4005 cci·-

2069 4040 2130 4091 10
2159 4035 2445 4109 principio,
2487 4036 2735 4091 doctrina
2774 4036 2842 4091 de
2873 4034 3028 4104 justo
3078 4037 3371 4095 scientifice
3419 4055 3541 4094 con·

2069 4124 2233 4182 scribi
2263 4123 2480 4197 pote-rit.
2546 4124 2708 4190 Quod
2735 4126 2994 4183 hactenus
3023 4130 3228 4183 tactum
3257 4144 3374 4185 nou
3401 4132 3498 4184 oet.
