<?xml version="1.0" encoding="UTF-8"?>
<!DOCTYPE html PUBLIC "-//W3C//DTD XHTML 1.0 Transitional//EN"
    "http://www.w3.org/TR/xhtml1/DTD/xhtml1-transitional.dtd">
<html xmlns="http://www.w3.org/1999/xhtml" xml:lang="en" lang="en">
 <head>
  <title>
</title>
<meta http-equiv="Content-Type" content="text/html;charset=utf-8" />
  <meta name='ocr-system' content='tesseract 3.04.00' />
  <meta name='ocr-capabilities' content='ocr_page ocr_carea ocr_par ocr_line ocrx_word'/>
</head>
<body>
  <div class='ocr_page' id='page_1' title='image "./godguilleibniti00erdmgoog_0135.png"; bbox 0 0 3717 5850; ppageno 0'>
   <div class='ocr_carea' id='block_1_1' title="bbox 836 306 2594 372">
    <p class='ocr_par' dir='ltr' id='par_1_1' title="bbox 836 306 2594 372">
     <span class='ocr_line' id='line_1_1' title="bbox 836 306 2594 372; baseline 0.003 -5"><span class='ocrx_word' id='word_1_1' title='bbox 836 306 1039 367; x_wconf 85' lang='lat' dir='ltr'>XVIII.</span> <span class='ocrx_word' id='word_1_2' title='bbox 1083 308 1599 367; x_wconf 64' lang='lat' dir='ltr'><strong>FUNDAROENTA</strong></span> <span class='ocrx_word' id='word_1_3' title='bbox 1626 308 1936 369; x_wconf 75' lang='lat' dir='ltr'>camum</span> <span class='ocrx_word' id='word_1_4' title='bbox 1959 308 2594 372; x_wconf 77' lang='lat' dir='ltr'>RATIOGINATORIS.</span> 
     </span>
    </p>
   </div>
   <div class='ocr_carea' id='block_1_2' title="bbox 138 450 1667 1057">
    <p class='ocr_par' dir='ltr' id='par_1_2' title="bbox 140 450 1667 605">
     <span class='ocr_line' id='line_1_2' title="bbox 140 450 1667 525; baseline -0.004 -10"><span class='ocrx_word' id='word_1_5' title='bbox 140 455 311 515; x_wconf 78' lang='lat' dir='ltr'>braicos</span> <span class='ocrx_word' id='word_1_6' title='bbox 334 450 577 525; x_wconf 83' lang='lat' dir='ltr'>aliasque</span> <span class='ocrx_word' id='word_1_7' title='bbox 592 464 783 508; x_wconf 85' lang='lat' dir='ltr'>omnes</span> <span class='ocrx_word' id='word_1_8' title='bbox 810 450 1007 523; x_wconf 62' lang='lat' dir='ltr'>quibu</span> <span class='ocrx_word' id='word_1_9' title='bbox 1024 450 1169 509; x_wconf 82' lang='lat' dir='ltr'>inter</span> <span class='ocrx_word' id='word_1_10' title='bbox 1194 450 1545 525; x_wconf 79' lang='lat' dir='ltr'>cogitandum</span> <span class='ocrx_word' id='word_1_11' title='bbox 1562 468 1667 525; x_wconf 84' lang='lat' dir='ltr'>pro</span> 
     </span>
     <span class='ocr_line' id='line_1_3' title="bbox 140 541 505 605; baseline -0.005 -7"><span class='ocrx_word' id='word_1_12' title='bbox 140 544 267 605; x_wconf 69' lang='lat' dir='ltr'>rebus</span> <span class='ocrx_word' id='word_1_13' title='bbox 288 541 505 597; x_wconf 85' lang='lat' dir='ltr'>utimur.</span> 
     </span>
    </p>

    <p class='ocr_par' dir='ltr' id='par_1_3' title="bbox 138 626 1667 1057">
     <span class='ocr_line' id='line_1_4' title="bbox 205 626 1667 703; baseline 0 -18"><span class='ocrx_word' id='word_1_14' title='bbox 205 632 350 703; x_wconf 83' lang='lat' dir='ltr'>Signa</span> <span class='ocrx_word' id='word_1_15' title='bbox 392 632 581 685; x_wconf 86' lang='lat' dir='ltr'>autem</span> <span class='ocrx_word' id='word_1_16' title='bbox 626 628 845 702; x_wconf 84' lang='lat' dir='ltr'>scripta,</span> <span class='ocrx_word' id='word_1_17' title='bbox 896 628 987 685; x_wconf 87' lang='lat' dir='ltr'>vel</span> <span class='ocrx_word' id='word_1_18' title='bbox 1025 626 1299 685; x_wconf 77' lang='lat' dir='ltr'>delimata</span> <span class='ocrx_word' id='word_1_19' title='bbox 1336 629 1427 685; x_wconf 85' lang='lat' dir='ltr'>vel</span> <span class='ocrx_word' id='word_1_20' title='bbox 1455 628 1667 703; x_wconf 85' lang='lat' dir='ltr'>sculpta</span> 
     </span>
     <span class='ocr_line' id='line_1_5' title="bbox 138 716 1665 791; baseline -0.003 -12"><span class='ocrx_word' id='word_1_21' title='bbox 138 720 526 781; x_wconf 79' lang='lat' dir='ltr'><strong>characteres</strong></span> <span class='ocrx_word' id='word_1_22' title='bbox 575 716 936 791; x_wconf 86' lang='lat' dir='ltr'>appellantur.</span> <span class='ocrx_word' id='word_1_23' title='bbox 1013 716 1187 773; x_wconf 90' lang='lat' dir='ltr'>Porro</span> <span class='ocrx_word' id='word_1_24' title='bbox 1236 721 1394 774; x_wconf 79' lang='lat' dir='ltr'>tanto</span> <span class='ocrx_word' id='word_1_25' title='bbox 1442 718 1665 775; x_wconf 80' lang='lat' dir='ltr'><strong>utiliora</strong></span> 
     </span>
     <span class='ocr_line' id='line_1_6' title="bbox 141 804 1663 881; baseline -0.001 -17"><span class='ocrx_word' id='word_1_26' title='bbox 141 815 237 869; x_wconf 82' lang='lat' dir='ltr'>sunt</span> <span class='ocrx_word' id='word_1_27' title='bbox 262 808 418 880; x_wconf 81' lang='lat' dir='ltr'>signa,</span> <span class='ocrx_word' id='word_1_28' title='bbox 446 809 657 878; x_wconf 83' lang='lat' dir='ltr'>quanto</span> <span class='ocrx_word' id='word_1_29' title='bbox 684 804 857 881; x_wconf 89' lang='lat' dir='ltr'>magis</span> <span class='ocrx_word' id='word_1_30' title='bbox 883 804 1167 861; x_wconf 89' lang='lat' dir='ltr'>notionem</span> <span class='ocrx_word' id='word_1_31' title='bbox 1193 804 1276 861; x_wconf 89' lang='lat' dir='ltr'>rei</span> <span class='ocrx_word' id='word_1_32' title='bbox 1302 805 1547 879; x_wconf 88' lang='lat' dir='ltr'>signatae</span> <span class='ocrx_word' id='word_1_33' title='bbox 1568 823 1663 863; x_wconf 84' lang='lat' dir='ltr'>ex-</span> 
     </span>
     <span class='ocr_line' id='line_1_7' title="bbox 140 893 1664 975; baseline 0 -24"><span class='ocrx_word' id='word_1_34' title='bbox 140 899 351 975; x_wconf 78' lang='lat' dir='ltr'>primunt,</span> <span class='ocrx_word' id='word_1_35' title='bbox 380 896 457 949; x_wconf 90' lang='lat' dir='ltr'>ita</span> <span class='ocrx_word' id='word_1_36' title='bbox 486 900 549 951; x_wconf 91' lang='lat' dir='ltr'>ut</span> <span class='ocrx_word' id='word_1_37' title='bbox 573 910 689 949; x_wconf 92' lang='lat' dir='ltr'>non</span> <span class='ocrx_word' id='word_1_38' title='bbox 716 898 931 950; x_wconf 86' lang='lat' dir='ltr'>tantum</span> <span class='ocrx_word' id='word_1_39' title='bbox 952 894 1455 969; x_wconf 71' lang='lat' dir='ltr'><strong>repraesentationi,</strong></span> <span class='ocrx_word' id='word_1_40' title='bbox 1484 893 1579 951; x_wconf 90' lang='lat' dir='ltr'>sed</span> <span class='ocrx_word' id='word_1_41' title='bbox 1607 898 1664 951; x_wconf 90' lang='lat' dir='ltr'>et</span> 
     </span>
     <span class='ocr_line' id='line_1_8' title="bbox 140 981 1664 1057; baseline -0.003 -13"><span class='ocrx_word' id='word_1_42' title='bbox 140 982 489 1045; x_wconf 78' lang='lat' dir='ltr'>ratiocinationi</span> <span class='ocrx_word' id='word_1_43' title='bbox 539 982 800 1041; x_wconf 84' lang='lat' dir='ltr'>inservire</span> <span class='ocrx_word' id='word_1_44' title='bbox 846 982 1075 1057; x_wconf 77' lang='lat' dir='ltr'>possint.</span> <span class='ocrx_word' id='word_1_45' title='bbox 1160 981 1295 1039; x_wconf 83' lang='lat' dir='ltr'>Tale</span> <span class='ocrx_word' id='word_1_46' title='bbox 1343 981 1480 1039; x_wconf 89' lang='lat' dir='ltr'>nihil</span> <span class='ocrx_word' id='word_1_47' title='bbox 1509 999 1664 1056; x_wconf 89' lang='lat' dir='ltr'>prae-</span> 
     </span>
    </p>
   </div>
   <div class='ocr_carea' id='block_1_3' title="bbox 1762 70 1775 109">
    <p class='ocr_par' dir='ltr' id='par_1_4' title="bbox 1762 70 1775 109">
     <span class='ocr_line' id='line_1_9' title="bbox 1762 70 1775 109; baseline 0 0"><span class='ocrx_word' id='word_1_48' title='bbox 1762 70 1775 109; x_wconf 80' lang='grc'>1</span> 
     </span>
    </p>
   </div>
   <div class='ocr_carea' id='block_1_4' title="bbox 3256 306 3348 375">
    <p class='ocr_par' dir='ltr' id='par_1_5' title="bbox 3256 306 3348 375">
     <span class='ocr_line' id='line_1_10' title="bbox 3256 306 3348 375; baseline 0.022 -2"><span class='ocrx_word' id='word_1_49' title='bbox 3256 306 3348 375; x_wconf 83' lang='grc'>93</span> 
     </span>
    </p>
   </div>
   <div class='ocr_carea' id='block_1_5' title="bbox 1758 452 3346 1061">
    <p class='ocr_par' dir='ltr' id='par_1_6' title="bbox 1758 452 3346 1061">
     <span class='ocr_line' id='line_1_11' title="bbox 1766 452 3344 531; baseline 0.004 -22"><span class='ocrx_word' id='word_1_50' title='bbox 1766 452 1958 509; x_wconf 85' lang='lat' dir='ltr'>hiberi.</span> <span class='ocrx_word' id='word_1_51' title='bbox 2035 452 2174 509; x_wconf 85' lang='lat' dir='ltr'>Cum</span> <span class='ocrx_word' id='word_1_52' title='bbox 2221 457 2408 511; x_wconf 81' lang='lat' dir='ltr'>autem</span> <span class='ocrx_word' id='word_1_53' title='bbox 2453 454 2698 513; x_wconf 86' lang='lat' dir='ltr'>noudum</span> <span class='ocrx_word' id='word_1_54' title='bbox 2745 455 3073 514; x_wconf 82' lang='lat' dir='ltr'>constituere</span> <span class='ocrx_word' id='word_1_55' title='bbox 3113 456 3344 531; x_wconf 85' lang='lat' dir='ltr'>licuerit,</span> 
     </span>
     <span class='ocr_line' id='line_1_12' title="bbox 1766 538 3346 621; baseline 0.004 -24"><span class='ocrx_word' id='word_1_56' title='bbox 1766 541 2044 613; x_wconf 86' lang='lat' dir='ltr'>quomodo</span> <span class='ocrx_word' id='word_1_57' title='bbox 2069 541 2226 614; x_wconf 82' lang='lat' dir='ltr'>signa</span> <span class='ocrx_word' id='word_1_58' title='bbox 2253 542 2480 599; x_wconf 89' lang='lat' dir='ltr'>formari</span> <span class='ocrx_word' id='word_1_59' title='bbox 2507 538 2757 621; x_wconf 68' lang='lat' dir='ltr'>debeant,</span> <span class='ocrx_word' id='word_1_60' title='bbox 2779 546 3054 619; x_wconf 76' lang='lat' dir='ltr'>interdum</span> <span class='ocrx_word' id='word_1_61' title='bbox 3080 563 3182 619; x_wconf 86' lang='lat' dir='ltr'>pro</span> <span class='ocrx_word' id='word_1_62' title='bbox 3208 546 3346 619; x_wconf 84' lang='lat' dir='ltr'>ipsis</span> 
     </span>
     <span class='ocr_line' id='line_1_13' title="bbox 1764 630 3344 706; baseline 0.006 -21"><span class='ocrx_word' id='word_1_63' title='bbox 1764 630 1827 685; x_wconf 88' lang='lat' dir='ltr'>in</span> <span class='ocrx_word' id='word_1_64' title='bbox 1885 632 2128 687; x_wconf 72' lang='lat' dir='ltr'>finarum</span> <span class='ocrx_word' id='word_1_65' title='bbox 2176 630 2481 687; x_wconf 79' lang='lat' dir='ltr'>formandis</span> <span class='ocrx_word' id='word_1_66' title='bbox 2530 634 2786 706; x_wconf 84' lang='lat' dir='ltr'>exemplo</span> <span class='ocrx_word' id='word_1_67' title='bbox 2833 634 3344 694; x_wconf 85' lang='lat' dir='ltr'>Mathematicorum</span> 
     </span>
     <span class='ocr_line' id='line_1_14' title="bbox 1763 718 3344 793; baseline 0.005 -20"><span class='ocrx_word' id='word_1_68' title='bbox 1763 722 1984 775; x_wconf 79' lang='lat' dir='ltr'>utamur</span> <span class='ocrx_word' id='word_1_69' title='bbox 2031 718 2204 775; x_wconf 82' lang='lat' dir='ltr'>literis</span> <span class='ocrx_word' id='word_1_70' title='bbox 2251 718 2548 793; x_wconf 89' lang='lat' dir='ltr'>Alphabeti</span> <span class='ocrx_word' id='word_1_71' title='bbox 2597 720 2791 778; x_wconf 88' lang='lat' dir='ltr'>aliisve</span> <span class='ocrx_word' id='word_1_72' title='bbox 2839 723 2986 779; x_wconf 89' lang='lat' dir='ltr'>notis</span> <span class='ocrx_word' id='word_1_73' title='bbox 3033 723 3344 781; x_wconf 74' lang='lat' dir='ltr'>arbiutariis</span> 
     </span>
     <span class='ocr_line' id='line_1_15' title="bbox 1762 806 3341 886; baseline 0.004 -24"><span class='ocrx_word' id='word_1_74' title='bbox 1762 806 2186 880; x_wconf 77' lang='lat' dir='ltr'>quibuscunque,</span> <span class='ocrx_word' id='word_1_75' title='bbox 2225 823 2364 880; x_wconf 89' lang='lat' dir='ltr'>quas</span> <span class='ocrx_word' id='word_1_76' title='bbox 2402 824 2714 883; x_wconf 83' lang='lat' dir='ltr'>progressus</span> <span class='ocrx_word' id='word_1_77' title='bbox 2754 810 3062 883; x_wconf 85' lang='lat' dir='ltr'>aptissimas</span> <span class='ocrx_word' id='word_1_78' title='bbox 3089 812 3341 886; x_wconf 89' lang='lat' dir='ltr'>suppedi-</span> 
     </span>
     <span class='ocr_line' id='line_1_16' title="bbox 1762 894 3342 971; baseline 0.004 -20"><span class='ocrx_word' id='word_1_79' title='bbox 1762 894 1918 951; x_wconf 87' lang='lat' dir='ltr'>tabit.</span> <span class='ocrx_word' id='word_1_80' title='bbox 1985 896 2106 960; x_wconf 85' lang='lat' dir='ltr'>Qua</span> <span class='ocrx_word' id='word_1_81' title='bbox 2143 896 2360 953; x_wconf 85' lang='lat' dir='ltr'>ratione</span> <span class='ocrx_word' id='word_1_82' title='bbox 2401 896 2570 952; x_wconf 87' lang='lat' dir='ltr'>etiam</span> <span class='ocrx_word' id='word_1_83' title='bbox 2606 898 2893 971; x_wconf 83' lang='lat' dir='ltr'>apparebit</span> <span class='ocrx_word' id='word_1_84' title='bbox 2927 898 3064 955; x_wconf 90' lang='lat' dir='ltr'>ordo</span> <span class='ocrx_word' id='word_1_85' title='bbox 3091 900 3342 957; x_wconf 87' lang='lat' dir='ltr'>seientia-</span> 
     </span>
     <span class='ocr_line' id='line_1_17' title="bbox 1758 983 3336 1061; baseline 0.003 -22"><span class='ocrx_word' id='word_1_86' title='bbox 1758 998 1885 1039; x_wconf 87' lang='lat' dir='ltr'>rum</span> <span class='ocrx_word' id='word_1_87' title='bbox 1911 983 2338 1043; x_wconf 84' lang='lat' dir='ltr'>characteristice</span> <span class='ocrx_word' id='word_1_88' title='bbox 2363 988 2734 1059; x_wconf 60' lang='lat' dir='ltr'>cantantum,</span> <span class='ocrx_word' id='word_1_89' title='bbox 2756 990 2814 1041; x_wconf 87' lang='lat' dir='ltr'>et</span> <span class='ocrx_word' id='word_1_90' title='bbox 2833 1002 2928 1049; x_wconf 84' lang='grc'>103</span> <span class='ocrx_word' id='word_1_91' title='bbox 2953 987 3072 1059; x_wconf 89' lang='lat' dir='ltr'>ipsa</span> <span class='ocrx_word' id='word_1_92' title='bbox 3099 988 3336 1061; x_wconf 87' lang='lat' dir='ltr'>docebit,</span> 
     </span>
    </p>
   </div>
   <div class='ocr_carea' id='block_1_6' title="bbox 141 1068 3338 1145">
    <p class='ocr_par' dir='ltr' id='par_1_7' title="bbox 141 1068 3338 1145">
     <span class='ocr_line' id='line_1_18' title="bbox 141 1068 3338 1145; baseline 0.001 -14"><span class='ocrx_word' id='word_1_93' title='bbox 141 1080 253 1131; x_wconf 80' lang='lat' dir='ltr'>stant</span> <span class='ocrx_word' id='word_1_94' title='bbox 291 1072 615 1129; x_wconf 72' lang='lat' dir='ltr'>maracteres</span> <span class='ocrx_word' id='word_1_95' title='bbox 651 1068 1015 1129; x_wconf 86' lang='lat' dir='ltr'>chemicorum</span> <span class='ocrx_word' id='word_1_96' title='bbox 1059 1073 1159 1127; x_wconf 88' lang='lat' dir='ltr'>aut</span> <span class='ocrx_word' id='word_1_97' title='bbox 1202 1072 1657 1145; x_wconf 79' lang='lat' dir='ltr'>astronomorum,</span> <span class='ocrx_word' id='word_1_98' title='bbox 1762 1071 2179 1131; x_wconf 78' lang='lat' dir='ltr'>Ariflnnaticam</span> <span class='ocrx_word' id='word_1_99' title='bbox 2227 1073 2612 1129; x_wconf 79' lang='lat' dir='ltr'>elementarem</span> <span class='ocrx_word' id='word_1_100' title='bbox 2661 1090 2779 1131; x_wconf 71' lang='lat' dir='ltr'>eme</span> <span class='ocrx_word' id='word_1_101' title='bbox 2815 1074 3096 1131; x_wconf 86' lang='lat' dir='ltr'>elementis</span> <span class='ocrx_word' id='word_1_102' title='bbox 3145 1076 3338 1133; x_wconf 82' lang='grc'><strong>08101111</strong></span> 
     </span>
    </p>
   </div>
   <div class='ocr_carea' id='block_1_7' title="bbox 140 1158 1661 1236">
    <p class='ocr_par' dir='ltr' id='par_1_8' title="bbox 140 1158 1661 1236">
     <span class='ocr_line' id='line_1_19' title="bbox 140 1158 1661 1236; baseline 0 -21"><span class='ocrx_word' id='word_1_103' title='bbox 140 1164 219 1221; x_wconf 82' lang='lat' dir='ltr'>nisi</span> <span class='ocrx_word' id='word_1_104' title='bbox 250 1161 355 1234; x_wconf 89' lang='lat' dir='ltr'>quis</span> <span class='ocrx_word' id='word_1_105' title='bbox 388 1176 515 1215; x_wconf 87' lang='lat' dir='ltr'>eum</span> <span class='ocrx_word' id='word_1_106' title='bbox 554 1160 805 1217; x_wconf 86' lang='lat' dir='ltr'>Jobanne</span> <span class='ocrx_word' id='word_1_107' title='bbox 840 1160 984 1236; x_wconf 90' lang='lat' dir='ltr'>Dee,</span> <span class='ocrx_word' id='word_1_108' title='bbox 1034 1164 1227 1216; x_wconf 87' lang='lat' dir='ltr'>autore</span> <span class='ocrx_word' id='word_1_109' title='bbox 1260 1159 1513 1216; x_wconf 86' lang='lat' dir='ltr'>monadis</span> <span class='ocrx_word' id='word_1_110' title='bbox 1548 1158 1661 1215; x_wconf 90' lang='lat' dir='ltr'>hie-</span> 
     </span>
    </p>
   </div>
   <div class='ocr_carea' id='block_1_8' title="bbox 1706 1160 3337 1253">
    <p class='ocr_par' dir='ltr' id='par_1_9' title="bbox 1706 1160 3337 1253">
     <span class='ocr_line' id='line_1_20' title="bbox 1706 1160 3337 1253; baseline 0.001 -36.064"><span class='ocrx_word' id='word_1_111' title='bbox 1706 1160 1972 1234; x_wconf 85' lang='lat' dir='ltr'>Logici,</span> <span class='ocrx_word' id='word_1_112' title='bbox 2013 1161 2082 1217; x_wconf 90' lang='lat' dir='ltr'>de</span> <span class='ocrx_word' id='word_1_113' title='bbox 2119 1160 2303 1235; x_wconf 85' lang='lat' dir='ltr'>figuris</span> <span class='ocrx_word' id='word_1_114' title='bbox 2343 1162 2627 1253; x_wconf 80' lang='lat' dir='ltr'>modisque</span> <span class='ocrx_word' id='word_1_115' title='bbox 2667 1164 2904 1237; x_wconf 86' lang='lat' dir='ltr'>agentis,</span> <span class='ocrx_word' id='word_1_116' title='bbox 2943 1162 3182 1237; x_wconf 86' lang='lat' dir='ltr'>priorem</span> <span class='ocrx_word' id='word_1_117' title='bbox 3209 1163 3337 1219; x_wconf 85' lang='lat' dir='ltr'>sim-</span> 
     </span>
    </p>
   </div>
   <div class='ocr_carea' id='block_1_9' title="bbox 142 1247 2161 1324">
    <p class='ocr_par' dir='ltr' id='par_1_10' title="bbox 142 1247 2161 1324">
     <span class='ocr_line' id='line_1_21' title="bbox 142 1247 2161 1324; baseline 0 -19"><span class='ocrx_word' id='word_1_118' title='bbox 142 1249 443 1324; x_wconf 60' lang='lat' dir='ltr'>mglyphicae,</span> <span class='ocrx_word' id='word_1_119' title='bbox 484 1249 749 1319; x_wconf 82' lang='lat' dir='ltr'>mysteria</span> <span class='ocrx_word' id='word_1_120' title='bbox 782 1248 963 1307; x_wconf 86' lang='lat' dir='ltr'>neseio</span> <span class='ocrx_word' id='word_1_121' title='bbox 1012 1264 1153 1320; x_wconf 88' lang='lat' dir='ltr'>quae</span> <span class='ocrx_word' id='word_1_122' title='bbox 1200 1247 1263 1304; x_wconf 91' lang='lat' dir='ltr'>in</span> <span class='ocrx_word' id='word_1_123' title='bbox 1308 1248 1421 1305; x_wconf 88' lang='lat' dir='ltr'>illis</span> <span class='ocrx_word' id='word_1_124' title='bbox 1469 1247 1661 1305; x_wconf 85' lang='lat' dir='ltr'>venari</span> <span class='ocrx_word' id='word_1_125' title='bbox 1756 1248 2161 1323; x_wconf 88' lang='lat' dir='ltr'>plicioremque.</span> 
     </span>
    </p>
   </div>
   <div class='ocr_carea' id='block_1_10' title="bbox 140 1336 1659 1501">
    <p class='ocr_par' dir='ltr' id='par_1_11' title="bbox 140 1336 1659 1501">
     <span class='ocr_line' id='line_1_22' title="bbox 140 1336 1659 1416; baseline -0.001 -21.771"><span class='ocrx_word' id='word_1_126' title='bbox 140 1342 481 1416; x_wconf 69' lang='lat' dir='ltr'>possespoeet.</span> <span class='ocrx_word' id='word_1_127' title='bbox 570 1337 689 1394; x_wconf 90' lang='lat' dir='ltr'>Nec</span> <span class='ocrx_word' id='word_1_128' title='bbox 734 1342 869 1411; x_wconf 91' lang='lat' dir='ltr'>puto</span> <span class='ocrx_word' id='word_1_129' title='bbox 918 1336 1270 1393; x_wconf 80' lang='grc' dir='ltr'><strong>0111001131οω</strong></span> <span class='ocrx_word' id='word_1_130' title='bbox 1316 1338 1515 1409; x_wconf 84' lang='lat' dir='ltr'>figuras</span> <span class='ocrx_word' id='word_1_131' title='bbox 1561 1340 1659 1393; x_wconf 89' lang='lat' dir='ltr'>aut</span> 
     </span>
     <span class='ocr_line' id='line_1_23' title="bbox 140 1424 1657 1501; baseline -0.003 -14"><span class='ocrx_word' id='word_1_132' title='bbox 140 1427 477 1501; x_wconf 64' lang='grc' dir='ltr'><strong>8031111101οω</strong></span> <span class='ocrx_word' id='word_1_133' title='bbox 504 1425 847 1483; x_wconf 79' lang='lat' dir='ltr'>inveniendis</span> <span class='ocrx_word' id='word_1_134' title='bbox 873 1424 1197 1483; x_wconf 86' lang='lat' dir='ltr'>veritatibus</span> <span class='ocrx_word' id='word_1_135' title='bbox 1234 1426 1468 1481; x_wconf 90' lang='lat' dir='ltr'>multum</span> <span class='ocrx_word' id='word_1_136' title='bbox 1495 1425 1657 1499; x_wconf 86' lang='lat' dir='ltr'>prod·</span> 
     </span>
    </p>
   </div>
   <div class='ocr_carea' id='block_1_11' title="bbox 1843 1338 3336 1502">
    <p class='ocr_par' dir='ltr' id='par_1_12' title="bbox 1843 1338 3336 1502">
     <span class='ocr_line' id='line_1_24' title="bbox 1844 1338 3270 1412; baseline 0.001 -17"><span class='ocrx_word' id='word_1_137' title='bbox 1844 1338 1980 1395; x_wconf 80' lang='lat' dir='ltr'>Esto</span> <span class='ocrx_word' id='word_1_138' title='bbox 2007 1339 2282 1395; x_wconf 82' lang='lat' dir='ltr'>character</span> <span class='ocrx_word' id='word_1_139' title='bbox 2310 1338 2545 1412; x_wconf 87' lang='lat' dir='ltr'>quilibet</span> <span class='ocrx_word' id='word_1_140' title='bbox 2571 1338 2627 1394; x_wconf 93' lang='lat' dir='ltr'>A</span> <span class='ocrx_word' id='word_1_141' title='bbox 2655 1338 2744 1395; x_wconf 89' lang='lat' dir='ltr'>vel</span> <span class='ocrx_word' id='word_1_142' title='bbox 2771 1338 2834 1411; x_wconf 93' lang='lat' dir='ltr'>B,</span> <span class='ocrx_word' id='word_1_143' title='bbox 2864 1338 2951 1394; x_wconf 89' lang='lat' dir='ltr'>vel</span> <span class='ocrx_word' id='word_1_144' title='bbox 2980 1338 3090 1395; x_wconf 88' lang='lat' dir='ltr'>alia</span> <span class='ocrx_word' id='word_1_145' title='bbox 3119 1344 3270 1396; x_wconf 89' lang='lat' dir='ltr'>nota.</span> 
     </span>
     <span class='ocr_line' id='line_1_25' title="bbox 1843 1426 3336 1502; baseline 0.002 -19"><span class='ocrx_word' id='word_1_146' title='bbox 1843 1426 2218 1500; x_wconf 88' lang='lat' dir='ltr'>Compositum</span> <span class='ocrx_word' id='word_1_147' title='bbox 2255 1443 2328 1483; x_wconf 85' lang='lat' dir='ltr'>ex</span> <span class='ocrx_word' id='word_1_148' title='bbox 2369 1427 2617 1502; x_wconf 84' lang='lat' dir='ltr'>pluribus</span> <span class='ocrx_word' id='word_1_149' title='bbox 2665 1426 3064 1485; x_wconf 73' lang='lat' dir='ltr'>characteribus</span> <span class='ocrx_word' id='word_1_150' title='bbox 3113 1432 3336 1486; x_wconf 86' lang='lat' dir='ltr'>vocetur</span> 
     </span>
    </p>
   </div>
   <div class='ocr_carea' id='block_1_12' title="bbox 143 1511 2093 1605">
    <p class='ocr_par' dir='ltr' id='par_1_13' title="bbox 143 1511 2093 1605">
     <span class='ocr_line' id='line_1_26' title="bbox 143 1511 2093 1605; baseline -0.002 -30"><span class='ocrx_word' id='word_1_151' title='bbox 143 1534 225 1575; x_wconf 66' lang='grc'>130</span> <span class='ocrx_word' id='word_1_152' title='bbox 262 1531 419 1605; x_wconf 56' lang='lat' dir='ltr'>pffie.</span> <span class='ocrx_word' id='word_1_153' title='bbox 490 1514 709 1588; x_wconf 83' lang='lat' dir='ltr'>Lingua</span> <span class='ocrx_word' id='word_1_154' title='bbox 745 1514 1011 1572; x_wconf 85' lang='lat' dir='ltr'>Adamica</span> <span class='ocrx_word' id='word_1_155' title='bbox 1058 1514 1148 1570; x_wconf 88' lang='lat' dir='ltr'>vel</span> <span class='ocrx_word' id='word_1_156' title='bbox 1196 1517 1341 1570; x_wconf 90' lang='lat' dir='ltr'>certe</span> <span class='ocrx_word' id='word_1_157' title='bbox 1379 1514 1465 1570; x_wconf 85' lang='lat' dir='ltr'>vis</span> <span class='ocrx_word' id='word_1_158' title='bbox 1514 1511 1650 1587; x_wconf 70' lang='lat' dir='ltr'>ejus»,</span> <span class='ocrx_word' id='word_1_159' title='bbox 1752 1512 2093 1571; x_wconf 89' lang='lat' dir='ltr'>Formula.</span> 
     </span>
    </p>
   </div>
   <div class='ocr_carea' id='block_1_13' title="bbox 85 1582 1653 5230">
    <p class='ocr_par' dir='ltr' id='par_1_14' title="bbox 138 1582 1653 2651">
     <span class='ocr_line' id='line_1_27' title="bbox 142 1582 1653 1679; baseline -0.001 -19"><span class='ocrx_word' id='word_1_160' title='bbox 142 1622 265 1679; x_wconf 78' lang='lat' dir='ltr'>quam</span> <span class='ocrx_word' id='word_1_161' title='bbox 286 1582 491 1675; x_wconf 87' lang='lat' dir='ltr'>quidem</span> <span class='ocrx_word' id='word_1_162' title='bbox 517 1620 585 1660; x_wconf 86' lang='lat' dir='ltr'>se</span> <span class='ocrx_word' id='word_1_163' title='bbox 606 1620 769 1659; x_wconf 88' lang='lat' dir='ltr'>nosse</span> <span class='ocrx_word' id='word_1_164' title='bbox 808 1608 865 1661; x_wconf 90' lang='lat' dir='ltr'>et</span> <span class='ocrx_word' id='word_1_165' title='bbox 892 1603 953 1659; x_wconf 89' lang='lat' dir='ltr'>in</span> <span class='ocrx_word' id='word_1_166' title='bbox 980 1602 1295 1661; x_wconf 85' lang='lat' dir='ltr'>nominibus</span> <span class='ocrx_word' id='word_1_167' title='bbox 1331 1602 1405 1658; x_wconf 88' lang='lat' dir='ltr'>ab</span> <span class='ocrx_word' id='word_1_168' title='bbox 1433 1602 1653 1659; x_wconf 83' lang='lat' dir='ltr'>Adamo</span> 
     </span>
     <span class='ocr_line' id='line_1_28' title="bbox 141 1690 1649 1767; baseline -0.003 -16"><span class='ocrx_word' id='word_1_169' title='bbox 141 1691 349 1767; x_wconf 81' lang='lat' dir='ltr'>impositis</span> <span class='ocrx_word' id='word_1_170' title='bbox 373 1692 639 1751; x_wconf 85' lang='lat' dir='ltr'>essentias</span> <span class='ocrx_word' id='word_1_171' title='bbox 664 1708 843 1751; x_wconf 87' lang='lat' dir='ltr'>rerum</span> <span class='ocrx_word' id='word_1_172' title='bbox 873 1692 1075 1749; x_wconf 87' lang='lat' dir='ltr'>intueri</span> <span class='ocrx_word' id='word_1_173' title='bbox 1110 1707 1269 1765; x_wconf 88' lang='lat' dir='ltr'>posse</span> <span class='ocrx_word' id='word_1_174' title='bbox 1296 1690 1649 1765; x_wconf 85' lang='lat' dir='ltr'>contendunt,</span> 
     </span>
     <span class='ocr_line' id='line_1_29' title="bbox 144 1779 1651 1860; baseline -0.003 -20"><span class='ocrx_word' id='word_1_175' title='bbox 144 1784 258 1840; x_wconf 84' lang='lat' dir='ltr'>nobis</span> <span class='ocrx_word' id='word_1_176' title='bbox 278 1784 407 1837; x_wconf 85' lang='lat' dir='ltr'>certe</span> <span class='ocrx_word' id='word_1_177' title='bbox 432 1781 629 1853; x_wconf 85' lang='lat' dir='ltr'>ignota</span> <span class='ocrx_word' id='word_1_178' title='bbox 654 1786 753 1837; x_wconf 90' lang='lat' dir='ltr'>est.</span> <span class='ocrx_word' id='word_1_179' title='bbox 804 1781 1048 1853; x_wconf 82' lang='lat' dir='ltr'>Linguae</span> <span class='ocrx_word' id='word_1_180' title='bbox 1074 1780 1325 1853; x_wconf 82' lang='lat' dir='ltr'>vulgares</span> <span class='ocrx_word' id='word_1_181' title='bbox 1352 1780 1457 1837; x_wconf 90' lang='lat' dir='ltr'>etsi</span> <span class='ocrx_word' id='word_1_182' title='bbox 1484 1779 1651 1860; x_wconf 70' lang='lat' dir='ltr'>pluri-5</span> 
     </span>
     <span class='ocr_line' id='line_1_30' title="bbox 142 1868 1651 1943; baseline -0.004 -12"><span class='ocrx_word' id='word_1_183' title='bbox 142 1887 251 1931; x_wconf 82' lang='lat' dir='ltr'>mum</span> <span class='ocrx_word' id='word_1_184' title='bbox 271 1869 466 1943; x_wconf 80' lang='lat' dir='ltr'>prosint</span> <span class='ocrx_word' id='word_1_185' title='bbox 492 1869 569 1926; x_wconf 90' lang='lat' dir='ltr'>ad</span> <span class='ocrx_word' id='word_1_186' title='bbox 598 1869 1051 1943; x_wconf 84' lang='lat' dir='ltr'>ratiocinandum,</span> <span class='ocrx_word' id='word_1_187' title='bbox 1078 1871 1327 1926; x_wconf 82' lang='lat' dir='ltr'>attamen</span> <span class='ocrx_word' id='word_1_188' title='bbox 1352 1868 1651 1943; x_wconf 81' lang='lat' dir='ltr'>innumeris</span> 
     </span>
     <span class='ocr_line' id='line_1_31' title="bbox 142 1956 1651 2033; baseline 0 -18"><span class='ocrx_word' id='word_1_189' title='bbox 142 1957 617 2033; x_wconf 69' lang='lat' dir='ltr'>aequivocationibus</span> <span class='ocrx_word' id='word_1_190' title='bbox 652 1962 783 2015; x_wconf 89' lang='lat' dir='ltr'>sunt</span> <span class='ocrx_word' id='word_1_191' title='bbox 818 1958 1081 2031; x_wconf 86' lang='lat' dir='ltr'>obnoxia,</span> <span class='ocrx_word' id='word_1_192' title='bbox 1120 1973 1223 2013; x_wconf 91' lang='lat' dir='ltr'>nec</span> <span class='ocrx_word' id='word_1_193' title='bbox 1262 1957 1503 2015; x_wconf 82' lang='lat' dir='ltr'>officium</span> <span class='ocrx_word' id='word_1_194' title='bbox 1542 1956 1651 2015; x_wconf 83' lang='lat' dir='ltr'>cal·</span> 
     </span>
     <span class='ocr_line' id='line_1_32' title="bbox 140 2046 1649 2122; baseline -0.002 -16"><span class='ocrx_word' id='word_1_195' title='bbox 140 2049 216 2107; x_wconf 77' lang='grc'><strong>11111</strong></span> <span class='ocrx_word' id='word_1_196' title='bbox 244 2050 393 2103; x_wconf 81' lang='lat' dir='ltr'>facere</span> <span class='ocrx_word' id='word_1_197' title='bbox 430 2052 667 2122; x_wconf 86' lang='lat' dir='ltr'>possunt</span> <span class='ocrx_word' id='word_1_198' title='bbox 704 2063 899 2121; x_wconf 84' lang='lat' dir='ltr'>nempe</span> <span class='ocrx_word' id='word_1_199' title='bbox 938 2050 1001 2102; x_wconf 91' lang='lat' dir='ltr'>ut</span> <span class='ocrx_word' id='word_1_200' title='bbox 1036 2062 1245 2103; x_wconf 89' lang='lat' dir='ltr'>errores</span> <span class='ocrx_word' id='word_1_201' title='bbox 1276 2046 1649 2103; x_wconf 88' lang='lat' dir='ltr'>ratiocinatio·</span> 
     </span>
     <span class='ocr_line' id='line_1_33' title="bbox 140 2134 1650 2209; baseline -0.003 -14"><span class='ocrx_word' id='word_1_202' title='bbox 140 2140 201 2195; x_wconf 84' lang='lat' dir='ltr'>nis</span> <span class='ocrx_word' id='word_1_203' title='bbox 234 2153 293 2191; x_wconf 79' lang='lat' dir='ltr'>ex</span> <span class='ocrx_word' id='word_1_204' title='bbox 332 2136 445 2209; x_wconf 71' lang='lat' dir='ltr'>ipsa</span> <span class='ocrx_word' id='word_1_205' title='bbox 492 2136 887 2193; x_wconf 66' lang='lat' dir='ltr'>vocabulorum</span> <span class='ocrx_word' id='word_1_206' title='bbox 926 2134 1255 2193; x_wconf 82' lang='lat' dir='ltr'>formatione</span> <span class='ocrx_word' id='word_1_207' title='bbox 1300 2139 1357 2191; x_wconf 91' lang='lat' dir='ltr'>et</span> <span class='ocrx_word' id='word_1_208' title='bbox 1406 2138 1650 2191; x_wconf 86' lang='lat' dir='ltr'>constru-</span> 
     </span>
     <span class='ocr_line' id='line_1_34' title="bbox 138 2222 1650 2299; baseline -0.002 -18"><span class='ocrx_word' id='word_1_209' title='bbox 138 2227 271 2283; x_wconf 87' lang='lat' dir='ltr'>ctione</span> <span class='ocrx_word' id='word_1_210' title='bbox 292 2225 456 2297; x_wconf 84' lang='lat' dir='ltr'>detegi</span> <span class='ocrx_word' id='word_1_211' title='bbox 482 2224 719 2299; x_wconf 86' lang='lat' dir='ltr'>possint,</span> <span class='ocrx_word' id='word_1_212' title='bbox 751 2228 1029 2297; x_wconf 82' lang='lat' dir='ltr'>tamquam</span> <span class='ocrx_word' id='word_1_213' title='bbox 1045 2222 1349 2279; x_wconf 81' lang='lat' dir='ltr'>soloecismi</span> <span class='ocrx_word' id='word_1_214' title='bbox 1369 2226 1427 2279; x_wconf 89' lang='lat' dir='ltr'>et</span> <span class='ocrx_word' id='word_1_215' title='bbox 1454 2222 1650 2279; x_wconf 81' lang='lat' dir='ltr'>barba-</span> 
     </span>
     <span class='ocr_line' id='line_1_35' title="bbox 140 2312 1649 2379; baseline -0.002 -7"><span class='ocrx_word' id='word_1_216' title='bbox 140 2314 261 2372; x_wconf 80' lang='lat' dir='ltr'>rismi.</span> <span class='ocrx_word' id='word_1_217' title='bbox 320 2312 471 2379; x_wconf 90' lang='lat' dir='ltr'>Quod</span> <span class='ocrx_word' id='word_1_218' title='bbox 499 2330 639 2369; x_wconf 83' lang='lat' dir='ltr'>sanc</span> <span class='ocrx_word' id='word_1_219' title='bbox 678 2312 999 2371; x_wconf 84' lang='lat' dir='ltr'>admirabile</span> <span class='ocrx_word' id='word_1_220' title='bbox 1035 2312 1357 2369; x_wconf 85' lang='lat' dir='ltr'>beneficium</span> <span class='ocrx_word' id='word_1_221' title='bbox 1390 2312 1649 2369; x_wconf 83' lang='lat' dir='ltr'>hactenus</span> 
     </span>
     <span class='ocr_line' id='line_1_36' title="bbox 141 2399 1649 2475; baseline -0.001 -16"><span class='ocrx_word' id='word_1_222' title='bbox 141 2404 247 2459; x_wconf 71' lang='lat' dir='ltr'>sobe</span> <span class='ocrx_word' id='word_1_223' title='bbox 274 2406 535 2475; x_wconf 84' lang='lat' dir='ltr'>praestant</span> <span class='ocrx_word' id='word_1_224' title='bbox 576 2406 745 2459; x_wconf 84' lang='lat' dir='ltr'>notae</span> <span class='ocrx_word' id='word_1_225' title='bbox 783 2400 1267 2471; x_wconf 75' lang='lat' dir='ltr'>Arithmeticomm</span> <span class='ocrx_word' id='word_1_226' title='bbox 1304 2404 1363 2457; x_wconf 90' lang='lat' dir='ltr'>et</span> <span class='ocrx_word' id='word_1_227' title='bbox 1397 2399 1649 2473; x_wconf 90' lang='lat' dir='ltr'>Algebri·</span> 
     </span>
     <span class='ocr_line' id='line_1_37' title="bbox 142 2488 1647 2563; baseline -0.001 -14"><span class='ocrx_word' id='word_1_228' title='bbox 142 2496 305 2563; x_wconf 76' lang='lat' dir='ltr'>starum,</span> <span class='ocrx_word' id='word_1_229' title='bbox 328 2491 419 2549; x_wconf 89' lang='lat' dir='ltr'>ubi</span> <span class='ocrx_word' id='word_1_230' title='bbox 444 2490 802 2549; x_wconf 76' lang='lat' dir='ltr'>ratiocinatio</span> <span class='ocrx_word' id='word_1_231' title='bbox 836 2490 1015 2547; x_wconf 90' lang='lat' dir='ltr'>omnis</span> <span class='ocrx_word' id='word_1_232' title='bbox 1055 2488 1119 2545; x_wconf 89' lang='lat' dir='ltr'>in</span> <span class='ocrx_word' id='word_1_233' title='bbox 1148 2505 1251 2546; x_wconf 89' lang='grc'>030</span> <span class='ocrx_word' id='word_1_234' title='bbox 1279 2490 1647 2547; x_wconf 77' lang='lat' dir='ltr'>characterum</span> 
     </span>
     <span class='ocr_line' id='line_1_38' title="bbox 142 2576 1425 2651; baseline -0.003 -14"><span class='ocrx_word' id='word_1_235' title='bbox 142 2579 323 2637; x_wconf 73' lang='grc'><strong>0111313111</strong></span> <span class='ocrx_word' id='word_1_236' title='bbox 344 2584 397 2635; x_wconf 85' lang='grc'>01</span> <span class='ocrx_word' id='word_1_237' title='bbox 419 2580 575 2637; x_wconf 86' lang='lat' dir='ltr'>idem</span> <span class='ocrx_word' id='word_1_238' title='bbox 602 2583 687 2637; x_wconf 85' lang='lat' dir='ltr'>est</span> <span class='ocrx_word' id='word_1_239' title='bbox 713 2596 865 2637; x_wconf 83' lang='grc'><strong>01101</strong></span> <span class='ocrx_word' id='word_1_240' title='bbox 888 2577 1065 2637; x_wconf 87' lang='lat' dir='ltr'>animi</span> <span class='ocrx_word' id='word_1_241' title='bbox 1090 2577 1191 2651; x_wconf 88' lang='lat' dir='ltr'>qui</span> <span class='ocrx_word' id='word_1_242' title='bbox 1216 2576 1425 2651; x_wconf 70' lang='lat' dir='ltr'>calculi.</span> 
     </span>
    </p>

    <p class='ocr_par' dir='ltr' id='par_1_15' title="bbox 142 2666 1649 4785">
     <span class='ocr_line' id='line_1_39' title="bbox 197 2666 1649 2742; baseline 0 -19"><span class='ocrx_word' id='word_1_243' title='bbox 197 2667 305 2723; x_wconf 83' lang='lat' dir='ltr'>Mihi</span> <span class='ocrx_word' id='word_1_244' title='bbox 336 2684 457 2725; x_wconf 86' lang='lat' dir='ltr'>vero</span> <span class='ocrx_word' id='word_1_245' title='bbox 492 2685 620 2725; x_wconf 91' lang='lat' dir='ltr'>rem</span> <span class='ocrx_word' id='word_1_246' title='bbox 657 2669 823 2725; x_wconf 80' lang='lat' dir='ltr'>altius</span> <span class='ocrx_word' id='word_1_247' title='bbox 858 2666 1089 2742; x_wconf 83' lang='lat' dir='ltr'>agitanti</span> <span class='ocrx_word' id='word_1_248' title='bbox 1128 2666 1335 2723; x_wconf 87' lang='lat' dir='ltr'>dudum</span> <span class='ocrx_word' id='word_1_249' title='bbox 1360 2666 1649 2723; x_wconf 80' lang='lat' dir='ltr'>manifeste</span> 
     </span>
     <span class='ocr_line' id='line_1_40' title="bbox 142 2754 1647 2830; baseline 0 -18"><span class='ocrx_word' id='word_1_250' title='bbox 142 2757 344 2830; x_wconf 69' lang='grc'><strong>1111811111,</strong></span> <span class='ocrx_word' id='word_1_251' title='bbox 390 2773 585 2813; x_wconf 87' lang='lat' dir='ltr'>omnes</span> <span class='ocrx_word' id='word_1_252' title='bbox 630 2758 897 2815; x_wconf 87' lang='lat' dir='ltr'>humanas</span> <span class='ocrx_word' id='word_1_253' title='bbox 942 2754 1301 2829; x_wconf 86' lang='lat' dir='ltr'>cogitationes</span> <span class='ocrx_word' id='word_1_254' title='bbox 1336 2755 1397 2811; x_wconf 90' lang='lat' dir='ltr'>in</span> <span class='ocrx_word' id='word_1_255' title='bbox 1448 2770 1647 2829; x_wconf 67' lang='grc'><strong>11811083</strong></span> 
     </span>
     <span class='ocr_line' id='line_1_41' title="bbox 143 2843 1648 2919; baseline -0.002 -17"><span class='ocrx_word' id='word_1_256' title='bbox 143 2845 365 2902; x_wconf 79' lang='lat' dir='ltr'>admodum</span> <span class='ocrx_word' id='word_1_257' title='bbox 410 2846 616 2902; x_wconf 87' lang='lat' dir='ltr'>resolvi</span> <span class='ocrx_word' id='word_1_258' title='bbox 662 2850 945 2919; x_wconf 81' lang='lat' dir='ltr'>tamquam</span> <span class='ocrx_word' id='word_1_259' title='bbox 992 2843 1312 2918; x_wconf 71' lang='lat' dir='ltr'>primitivas.</span> <span class='ocrx_word' id='word_1_260' title='bbox 1388 2843 1550 2909; x_wconf 86' lang='lat' dir='ltr'>Quod</span> <span class='ocrx_word' id='word_1_261' title='bbox 1596 2843 1648 2900; x_wconf 89' lang='lat' dir='ltr'>si</span> 
     </span>
     <span class='ocr_line' id='line_1_42' title="bbox 144 2933 1647 3010; baseline 0 -20"><span class='ocrx_word' id='word_1_262' title='bbox 144 2935 199 2990; x_wconf 82' lang='grc'><strong>1113</strong></span> <span class='ocrx_word' id='word_1_263' title='bbox 216 2935 505 2992; x_wconf 71' lang='lat' dir='ltr'>elnractesoe</span> <span class='ocrx_word' id='word_1_264' title='bbox 529 2936 898 3010; x_wconf 79' lang='lat' dir='ltr'>assignentur,</span> <span class='ocrx_word' id='word_1_265' title='bbox 926 2950 1087 3008; x_wconf 89' lang='lat' dir='ltr'>posse</span> <span class='ocrx_word' id='word_1_266' title='bbox 1112 2933 1242 2991; x_wconf 87' lang='lat' dir='ltr'>inde</span> <span class='ocrx_word' id='word_1_267' title='bbox 1270 2934 1496 2990; x_wconf 88' lang='lat' dir='ltr'>formari</span> <span class='ocrx_word' id='word_1_268' title='bbox 1524 2934 1647 2990; x_wconf 83' lang='grc'><strong>0118·</strong></span> 
     </span>
     <span class='ocr_line' id='line_1_43' title="bbox 146 3022 1647 3097; baseline -0.001 -18"><span class='ocrx_word' id='word_1_269' title='bbox 146 3029 307 3079; x_wconf 68' lang='grc'><strong>1811803</strong></span> <span class='ocrx_word' id='word_1_270' title='bbox 339 3025 629 3082; x_wconf 83' lang='lat' dir='ltr'>notionum</span> <span class='ocrx_word' id='word_1_271' title='bbox 670 3025 1054 3096; x_wconf 70' lang='lat' dir='ltr'>derivatarm</span> <span class='ocrx_word' id='word_1_272' title='bbox 1092 3038 1166 3078; x_wconf 80' lang='lat' dir='ltr'>ex</span> <span class='ocrx_word' id='word_1_273' title='bbox 1206 3022 1404 3095; x_wconf 85' lang='lat' dir='ltr'>quibus</span> <span class='ocrx_word' id='word_1_274' title='bbox 1430 3038 1647 3097; x_wconf 84' lang='lat' dir='ltr'>semper</span> 
     </span>
     <span class='ocr_line' id='line_1_44' title="bbox 146 3111 1645 3186; baseline -0.001 -18"><span class='ocrx_word' id='word_1_275' title='bbox 146 3112 275 3168; x_wconf 82' lang='lat' dir='ltr'>omnia</span> <span class='ocrx_word' id='word_1_276' title='bbox 301 3129 477 3170; x_wconf 84' lang='lat' dir='ltr'>eorum</span> <span class='ocrx_word' id='word_1_277' title='bbox 514 3114 785 3186; x_wconf 86' lang='lat' dir='ltr'>requisita</span> <span class='ocrx_word' id='word_1_278' title='bbox 810 3111 1169 3184; x_wconf 87' lang='lat' dir='ltr'>notionesque</span> <span class='ocrx_word' id='word_1_279' title='bbox 1208 3111 1521 3184; x_wconf 82' lang='lat' dir='ltr'>primitivae</span> <span class='ocrx_word' id='word_1_280' title='bbox 1558 3111 1645 3166; x_wconf 88' lang='lat' dir='ltr'>in-</span> 
     </span>
     <span class='ocr_line' id='line_1_45' title="bbox 146 3198 1645 3276; baseline 0 -20"><span class='ocrx_word' id='word_1_281' title='bbox 146 3201 383 3276; x_wconf 73' lang='lat' dir='ltr'>gralientes,</span> <span class='ocrx_word' id='word_1_282' title='bbox 404 3207 459 3259; x_wconf 90' lang='lat' dir='ltr'>et</span> <span class='ocrx_word' id='word_1_283' title='bbox 484 3207 551 3258; x_wconf 88' lang='lat' dir='ltr'>ut</span> <span class='ocrx_word' id='word_1_284' title='bbox 580 3203 753 3260; x_wconf 86' lang='lat' dir='ltr'>verbo</span> <span class='ocrx_word' id='word_1_285' title='bbox 780 3201 959 3259; x_wconf 85' lang='lat' dir='ltr'>dicam</span> <span class='ocrx_word' id='word_1_286' title='bbox 980 3199 1323 3258; x_wconf 83' lang='lat' dir='ltr'>definitiones</span> <span class='ocrx_word' id='word_1_287' title='bbox 1348 3200 1466 3255; x_wconf 88' lang='lat' dir='ltr'>sive</span> <span class='ocrx_word' id='word_1_288' title='bbox 1492 3198 1645 3256; x_wconf 86' lang='lat' dir='ltr'>valo·</span> 
     </span>
     <span class='ocr_line' id='line_1_46' title="bbox 148 3287 1643 3364; baseline 0 -20"><span class='ocrx_word' id='word_1_289' title='bbox 148 3305 214 3361; x_wconf 82' lang='lat' dir='ltr'>res,</span> <span class='ocrx_word' id='word_1_290' title='bbox 234 3295 277 3344; x_wconf 86' lang='lat' dir='ltr'>et</span> <span class='ocrx_word' id='word_1_291' title='bbox 308 3291 519 3364; x_wconf 85' lang='lat' dir='ltr'>proinde</span> <span class='ocrx_word' id='word_1_292' title='bbox 546 3295 611 3348; x_wconf 82' lang='lat' dir='ltr'>et</span> <span class='ocrx_word' id='word_1_293' title='bbox 638 3291 953 3348; x_wconf 78' lang='lat' dir='ltr'>affectiones</span> <span class='ocrx_word' id='word_1_294' title='bbox 989 3303 1063 3345; x_wconf 81' lang='lat' dir='ltr'>ex</span> <span class='ocrx_word' id='word_1_295' title='bbox 1100 3288 1507 3346; x_wconf 80' lang='lat' dir='ltr'>definitionibus</span> <span class='ocrx_word' id='word_1_296' title='bbox 1548 3287 1643 3344; x_wconf 89' lang='lat' dir='ltr'>de-</span> 
     </span>
     <span class='ocr_line' id='line_1_47' title="bbox 146 3377 1641 3454; baseline 0 -20"><span class='ocrx_word' id='word_1_297' title='bbox 146 3380 459 3454; x_wconf 69' lang='lat' dir='ltr'>monstrabiles,</span> <span class='ocrx_word' id='word_1_298' title='bbox 471 3379 597 3436; x_wconf 85' lang='lat' dir='ltr'>erui</span> <span class='ocrx_word' id='word_1_299' title='bbox 615 3383 853 3454; x_wconf 85' lang='lat' dir='ltr'>possent.</span> <span class='ocrx_word' id='word_1_300' title='bbox 882 3379 1003 3435; x_wconf 89' lang='lat' dir='ltr'>Hoc</span> <span class='ocrx_word' id='word_1_301' title='bbox 1020 3393 1133 3436; x_wconf 90' lang='lat' dir='ltr'>uno</span> <span class='ocrx_word' id='word_1_302' title='bbox 1154 3381 1339 3434; x_wconf 85' lang='lat' dir='ltr'>autem</span> <span class='ocrx_word' id='word_1_303' title='bbox 1362 3377 1641 3451; x_wconf 87' lang='lat' dir='ltr'>praestito,</span> 
     </span>
     <span class='ocr_line' id='line_1_48' title="bbox 147 3465 1643 3539; baseline -0.003 -13"><span class='ocrx_word' id='word_1_304' title='bbox 147 3467 319 3539; x_wconf 75' lang='lat' dir='ltr'>quisluis</span> <span class='ocrx_word' id='word_1_305' title='bbox 346 3468 737 3526; x_wconf 69' lang='lat' dir='ltr'>masacha-ibus</span> <span class='ocrx_word' id='word_1_306' title='bbox 775 3465 1085 3538; x_wconf 73' lang='lat' dir='ltr'>huiusmodi</span> <span class='ocrx_word' id='word_1_307' title='bbox 1131 3465 1279 3522; x_wconf 89' lang='lat' dir='ltr'>inter</span> <span class='ocrx_word' id='word_1_308' title='bbox 1314 3465 1643 3522; x_wconf 83' lang='lat' dir='ltr'>ratiocinan-</span> 
     </span>
     <span class='ocr_line' id='line_1_49' title="bbox 147 3553 1641 3630; baseline 0 -20"><span class='ocrx_word' id='word_1_309' title='bbox 147 3555 237 3610; x_wconf 87' lang='lat' dir='ltr'>dum</span> <span class='ocrx_word' id='word_1_310' title='bbox 254 3557 675 3630; x_wconf 83' lang='lat' dir='ltr'>scribendumque</span> <span class='ocrx_word' id='word_1_311' title='bbox 700 3561 956 3629; x_wconf 81' lang='grc'><strong>01010101,</strong></span> <span class='ocrx_word' id='word_1_312' title='bbox 985 3558 1083 3612; x_wconf 85' lang='grc'>801</span> <span class='ocrx_word' id='word_1_313' title='bbox 1107 3569 1407 3626; x_wconf 87' lang='lat' dir='ltr'>numquam</span> <span class='ocrx_word' id='word_1_314' title='bbox 1434 3553 1641 3614; x_wconf 81' lang='lat' dir='ltr'>labere-</span> 
     </span>
     <span class='ocr_line' id='line_1_50' title="bbox 148 3641 1641 3720; baseline 0.001 -23"><span class='ocrx_word' id='word_1_315' title='bbox 148 3647 220 3714; x_wconf 81' lang='lat' dir='ltr'>tur,</span> <span class='ocrx_word' id='word_1_316' title='bbox 242 3649 313 3699; x_wconf 84' lang='lat' dir='ltr'>aut</span> <span class='ocrx_word' id='word_1_317' title='bbox 332 3646 501 3720; x_wconf 84' lang='lat' dir='ltr'>lapsus</span> <span class='ocrx_word' id='word_1_318' title='bbox 528 3661 663 3702; x_wconf 87' lang='lat' dir='ltr'>suos</span> <span class='ocrx_word' id='word_1_319' title='bbox 691 3646 807 3718; x_wconf 90' lang='lat' dir='ltr'>ipse</span> <span class='ocrx_word' id='word_1_320' title='bbox 832 3661 947 3702; x_wconf 91' lang='lat' dir='ltr'>non</span> <span class='ocrx_word' id='word_1_321' title='bbox 975 3643 1157 3700; x_wconf 89' lang='lat' dir='ltr'>minus</span> <span class='ocrx_word' id='word_1_322' title='bbox 1184 3646 1347 3715; x_wconf 88' lang='lat' dir='ltr'>atque</span> <span class='ocrx_word' id='word_1_323' title='bbox 1374 3641 1473 3698; x_wconf 90' lang='lat' dir='ltr'>alii</span> <span class='ocrx_word' id='word_1_324' title='bbox 1498 3658 1641 3698; x_wconf 85' lang='lat' dir='ltr'>sem-</span> 
     </span>
     <span class='ocr_line' id='line_1_51' title="bbox 147 3730 1639 3808; baseline -0.002 -19"><span class='ocrx_word' id='word_1_325' title='bbox 147 3747 213 3803; x_wconf 76' lang='lat' dir='ltr'>per</span> <span class='ocrx_word' id='word_1_326' title='bbox 235 3733 457 3791; x_wconf 75' lang='lat' dir='ltr'>facillimis</span> <span class='ocrx_word' id='word_1_327' title='bbox 495 3734 850 3792; x_wconf 81' lang='lat' dir='ltr'>examinibus</span> <span class='ocrx_word' id='word_1_328' title='bbox 889 3731 1327 3808; x_wconf 81' lang='lat' dir='ltr'>deprehenderet,</span> <span class='ocrx_word' id='word_1_329' title='bbox 1366 3730 1639 3786; x_wconf 84' lang='lat' dir='ltr'>inveniret</span> 
     </span>
     <span class='ocr_line' id='line_1_52' title="bbox 148 3818 1639 3895; baseline 0 -21"><span class='ocrx_word' id='word_1_330' title='bbox 148 3825 349 3891; x_wconf 64' lang='lat' dir='ltr'>praetem</span> <span class='ocrx_word' id='word_1_331' title='bbox 368 3823 659 3880; x_wconf 85' lang='lat' dir='ltr'>veritatem</span> <span class='ocrx_word' id='word_1_332' title='bbox 694 3826 959 3895; x_wconf 83' lang='lat' dir='ltr'>quantum</span> <span class='ocrx_word' id='word_1_333' title='bbox 985 3837 1059 3878; x_wconf 85' lang='lat' dir='ltr'>ex</span> <span class='ocrx_word' id='word_1_334' title='bbox 1086 3820 1229 3878; x_wconf 86' lang='lat' dir='ltr'>datis</span> <span class='ocrx_word' id='word_1_335' title='bbox 1254 3819 1401 3892; x_wconf 85' lang='grc'><strong>11001,</strong></span> <span class='ocrx_word' id='word_1_336' title='bbox 1442 3822 1498 3874; x_wconf 87' lang='grc'>01</span> <span class='ocrx_word' id='word_1_337' title='bbox 1533 3818 1639 3875; x_wconf 86' lang='grc'><strong>310·</strong></span> 
     </span>
     <span class='ocr_line' id='line_1_53' title="bbox 149 3905 1637 3984; baseline 0.002 -24"><span class='ocrx_word' id='word_1_338' title='bbox 149 3905 219 3961; x_wconf 83' lang='lat' dir='ltr'>ubi</span> <span class='ocrx_word' id='word_1_339' title='bbox 237 3908 331 3965; x_wconf 70' lang='lat' dir='ltr'>dam</span> <span class='ocrx_word' id='word_1_340' title='bbox 350 3913 415 3968; x_wconf 84' lang='lat' dir='ltr'>ad</span> <span class='ocrx_word' id='word_1_341' title='bbox 436 3912 833 3970; x_wconf 84' lang='lat' dir='ltr'>inveniendum</span> <span class='ocrx_word' id='word_1_342' title='bbox 850 3911 1157 3984; x_wconf 77' lang='lat' dir='ltr'>quaesitum</span> <span class='ocrx_word' id='word_1_343' title='bbox 1184 3924 1300 3964; x_wconf 90' lang='lat' dir='ltr'>non</span> <span class='ocrx_word' id='word_1_344' title='bbox 1320 3912 1499 3964; x_wconf 86' lang='lat' dir='ltr'>essent</span> <span class='ocrx_word' id='word_1_345' title='bbox 1524 3909 1637 3964; x_wconf 82' lang='lat' dir='ltr'>suf-</span> 
     </span>
     <span class='ocr_line' id='line_1_54' title="bbox 149 3994 1637 4074; baseline -0.005 -15"><span class='ocrx_word' id='word_1_346' title='bbox 149 3995 325 4070; x_wconf 69' lang='lat' dir='ltr'>fissiffltia,</span> <span class='ocrx_word' id='word_1_347' title='bbox 347 4001 549 4058; x_wconf 83' lang='lat' dir='ltr'>videret</span> <span class='ocrx_word' id='word_1_348' title='bbox 574 4000 907 4074; x_wconf 81' lang='lat' dir='ltr'>quibusnam</span> <span class='ocrx_word' id='word_1_349' title='bbox 934 3999 1107 4056; x_wconf 83' lang='grc'><strong>8111100</strong></span> <span class='ocrx_word' id='word_1_350' title='bbox 1132 3995 1519 4071; x_wconf 80' lang='lat' dir='ltr'>experimentis</span> <span class='ocrx_word' id='word_1_351' title='bbox 1548 3994 1637 4052; x_wconf 85' lang='lat' dir='ltr'>vel</span> 
     </span>
     <span class='ocr_line' id='line_1_55' title="bbox 148 4085 1639 4164; baseline 0.002 -27"><span class='ocrx_word' id='word_1_352' title='bbox 148 4085 295 4140; x_wconf 82' lang='lat' dir='ltr'>notitiis</span> <span class='ocrx_word' id='word_1_353' title='bbox 316 4095 439 4146; x_wconf 79' lang='grc'><strong>03301</strong></span> <span class='ocrx_word' id='word_1_354' title='bbox 465 4107 611 4164; x_wconf 87' lang='lat' dir='ltr'>opus</span> <span class='ocrx_word' id='word_1_355' title='bbox 636 4089 773 4162; x_wconf 88' lang='lat' dir='ltr'>quin</span> <span class='ocrx_word' id='word_1_356' title='bbox 810 4089 1007 4146; x_wconf 78' lang='lat' dir='ltr'>saltem</span> <span class='ocrx_word' id='word_1_357' title='bbox 1034 4087 1285 4144; x_wconf 86' lang='lat' dir='ltr'>accedere</span> <span class='ocrx_word' id='word_1_358' title='bbox 1323 4088 1509 4158; x_wconf 86' lang='lat' dir='ltr'>posset</span> <span class='ocrx_word' id='word_1_359' title='bbox 1546 4099 1639 4140; x_wconf 88' lang='lat' dir='ltr'>ve-</span> 
     </span>
     <span class='ocr_line' id='line_1_56' title="bbox 148 4171 1639 4278; baseline 0 -50"><span class='ocrx_word' id='word_1_360' title='bbox 148 4171 263 4246; x_wconf 82' lang='lat' dir='ltr'>ritati,</span> <span class='ocrx_word' id='word_1_361' title='bbox 286 4183 527 4248; x_wconf 75' lang='lat' dir='ltr'>quanmm</span> <span class='ocrx_word' id='word_1_362' title='bbox 552 4193 633 4236; x_wconf 79' lang='lat' dir='ltr'>ex</span> <span class='ocrx_word' id='word_1_363' title='bbox 657 4179 803 4235; x_wconf 83' lang='lat' dir='ltr'>datis</span> <span class='ocrx_word' id='word_1_364' title='bbox 826 4176 1087 4278; x_wconf 78' lang='lat' dir='ltr'>possibile</span> <span class='ocrx_word' id='word_1_365' title='bbox 1105 4178 1189 4232; x_wconf 86' lang='lat' dir='ltr'>est</span> <span class='ocrx_word' id='word_1_366' title='bbox 1208 4174 1325 4230; x_wconf 83' lang='lat' dir='ltr'>sive</span> <span class='ocrx_word' id='word_1_367' title='bbox 1344 4171 1639 4248; x_wconf 84' lang='lat' dir='ltr'>appropin-</span> 
     </span>
     <span class='ocr_line' id='line_1_57' title="bbox 148 4261 1639 4341; baseline -0.001 -22"><span class='ocrx_word' id='word_1_368' title='bbox 148 4263 315 4336; x_wconf 69' lang='lat' dir='ltr'>quando,</span> <span class='ocrx_word' id='word_1_369' title='bbox 348 4268 453 4324; x_wconf 87' lang='lat' dir='ltr'>sive</span> <span class='ocrx_word' id='word_1_370' title='bbox 488 4267 723 4341; x_wconf 80' lang='lat' dir='ltr'>gradum</span> <span class='ocrx_word' id='word_1_371' title='bbox 758 4265 985 4334; x_wconf 82' lang='lat' dir='ltr'>maioris</span> <span class='ocrx_word' id='word_1_372' title='bbox 1020 4261 1424 4338; x_wconf 72' lang='lat' dir='ltr'>probabilitatis</span> <span class='ocrx_word' id='word_1_373' title='bbox 1460 4262 1639 4320; x_wconf 73' lang='lat' dir='ltr'>deter-</span> 
     </span>
     <span class='ocr_line' id='line_1_58' title="bbox 147 4349 1639 4431; baseline -0.004 -20"><span class='ocrx_word' id='word_1_374' title='bbox 147 4350 361 4428; x_wconf 75' lang='lat' dir='ltr'>ufimndo·</span> <span class='ocrx_word' id='word_1_375' title='bbox 398 4357 733 4431; x_wconf 82' lang='lat' dir='ltr'>sophismata</span> <span class='ocrx_word' id='word_1_376' title='bbox 783 4359 971 4412; x_wconf 86' lang='lat' dir='ltr'>autem</span> <span class='ocrx_word' id='word_1_377' title='bbox 1007 4358 1065 4410; x_wconf 88' lang='lat' dir='ltr'>et</span> <span class='ocrx_word' id='word_1_378' title='bbox 1110 4350 1463 4426; x_wconf 80' lang='lat' dir='ltr'>paralogismi</span> <span class='ocrx_word' id='word_1_379' title='bbox 1498 4349 1639 4406; x_wconf 88' lang='lat' dir='ltr'>nihil</span> 
     </span>
     <span class='ocr_line' id='line_1_59' title="bbox 148 4435 1640 4518; baseline -0.001 -22"><span class='ocrx_word' id='word_1_380' title='bbox 148 4435 335 4499; x_wconf 81' lang='lat' dir='ltr'>hicaliud</span> <span class='ocrx_word' id='word_1_381' title='bbox 360 4447 531 4502; x_wconf 86' lang='lat' dir='ltr'>forent</span> <span class='ocrx_word' id='word_1_382' title='bbox 557 4461 726 4518; x_wconf 81' lang='lat' dir='ltr'>quam</span> <span class='ocrx_word' id='word_1_383' title='bbox 752 4443 899 4518; x_wconf 87' lang='lat' dir='ltr'>quod</span> <span class='ocrx_word' id='word_1_384' title='bbox 926 4457 1133 4499; x_wconf 82' lang='lat' dir='ltr'>errores</span> <span class='ocrx_word' id='word_1_385' title='bbox 1154 4439 1347 4497; x_wconf 83' lang='lat' dir='ltr'>calculi</span> <span class='ocrx_word' id='word_1_386' title='bbox 1374 4437 1640 4496; x_wconf 88' lang='lat' dir='ltr'>inArith·</span> 
     </span>
     <span class='ocr_line' id='line_1_60' title="bbox 150 4527 1637 4604; baseline -0.001 -19"><span class='ocrx_word' id='word_1_387' title='bbox 150 4527 305 4604; x_wconf 73' lang='lat' dir='ltr'>metiris,</span> <span class='ocrx_word' id='word_1_388' title='bbox 330 4534 705 4592; x_wconf 88' lang='lat' dir='ltr'>etsoloecismi</span> <span class='ocrx_word' id='word_1_389' title='bbox 733 4529 1135 4590; x_wconf 82' lang='lat' dir='ltr'>etbarbarismi</span> <span class='ocrx_word' id='word_1_390' title='bbox 1160 4528 1459 4602; x_wconf 87' lang='lat' dir='ltr'>inlinguis.</span> <span class='ocrx_word' id='word_1_391' title='bbox 1499 4527 1637 4585; x_wconf 77' lang='lat' dir='ltr'>eum</span> 
     </span>
     <span class='ocr_line' id='line_1_61' title="bbox 153 4613 1636 4691; baseline -0.009 -4.991"><span class='ocrx_word' id='word_1_392' title='bbox 153 4613 259 4686; x_wconf 57' lang='lat' dir='ltr'>535*OE</span> <span class='ocrx_word' id='word_1_393' title='bbox 286 4621 372 4678; x_wconf 71' lang='lat' dir='ltr'>hac</span> <span class='ocrx_word' id='word_1_394' title='bbox 405 4627 518 4680; x_wconf 86' lang='lat' dir='ltr'>arte</span> <span class='ocrx_word' id='word_1_395' title='bbox 554 4621 981 4681; x_wconf 76' lang='lat' dir='ltr'>cliaracteristica</span> <span class='ocrx_word' id='word_1_396' title='bbox 1033 4618 1187 4691; x_wconf 84' lang='lat' dir='ltr'>eujus</span> <span class='ocrx_word' id='word_1_397' title='bbox 1225 4617 1410 4674; x_wconf 89' lang='lat' dir='ltr'>ideam</span> <span class='ocrx_word' id='word_1_398' title='bbox 1448 4615 1636 4674; x_wconf 86' lang='lat' dir='ltr'>animo</span> 
     </span>
     <span class='ocr_line' id='line_1_62' title="bbox 153 4705 1637 4785; baseline -0.001 -23"><span class='ocrx_word' id='word_1_399' title='bbox 153 4708 326 4782; x_wconf 63' lang='lat' dir='ltr'>concepi,</span> <span class='ocrx_word' id='word_1_400' title='bbox 369 4727 553 4769; x_wconf 87' lang='lat' dir='ltr'>verum</span> <span class='ocrx_word' id='word_1_401' title='bbox 597 4727 845 4785; x_wconf 77' lang='lat' dir='ltr'>organon</span> <span class='ocrx_word' id='word_1_402' title='bbox 890 4709 1150 4766; x_wconf 88' lang='lat' dir='ltr'>scientiae</span> <span class='ocrx_word' id='word_1_403' title='bbox 1199 4705 1465 4780; x_wconf 88' lang='lat' dir='ltr'>generalis</span> <span class='ocrx_word' id='word_1_404' title='bbox 1518 4721 1637 4762; x_wconf 90' lang='lat' dir='ltr'>om-</span> 
     </span>
    </p>

    <p class='ocr_par' dir='ltr' id='par_1_16' title="bbox 85 4792 1642 5230">
     <span class='ocr_line' id='line_1_63' title="bbox 85 4792 1634 4870; baseline -0.008 -9"><span class='ocrx_word' id='word_1_405' title='bbox 85 4839 87 4862; x_wconf 30' lang='grc' dir='ltr'>ι</span> <span class='ocrx_word' id='word_1_406' title='bbox 154 4792 265 4868; x_wconf 69' lang='grc' dir='ltr'>Εἰ11111,</span> <span class='ocrx_word' id='word_1_407' title='bbox 286 4813 409 4870; x_wconf 77' lang='lat' dir='ltr'>quae</span> <span class='ocrx_word' id='word_1_408' title='bbox 431 4801 533 4858; x_wconf 86' lang='lat' dir='ltr'>sub</span> <span class='ocrx_word' id='word_1_409' title='bbox 567 4801 865 4858; x_wconf 86' lang='lat' dir='ltr'>humanam</span> <span class='ocrx_word' id='word_1_410' title='bbox 900 4796 1373 4857; x_wconf 84' lang='lat' dir='ltr'>ratiocinationem</span> <span class='ocrx_word' id='word_1_411' title='bbox 1410 4794 1634 4866; x_wconf 89' lang='lat' dir='ltr'>cadunt,</span> 
     </span>
     <span class='ocr_line' id='line_1_64' title="bbox 156 4880 1639 4960; baseline -0.003 -16"><span class='ocrx_word' id='word_1_412' title='bbox 156 4880 214 4935; x_wconf 70' lang='lat'>⁵¹11</span> <span class='ocrx_word' id='word_1_413' title='bbox 246 4890 485 4960; x_wconf 82' lang='lat' dir='ltr'>perpetuis</span> <span class='ocrx_word' id='word_1_414' title='bbox 533 4889 725 4946; x_wconf 86' lang='lat' dir='ltr'>calculi</span> <span class='ocrx_word' id='word_1_415' title='bbox 774 4886 1057 4945; x_wconf 71' lang='lat' dir='ltr'>evidentia</span> <span class='ocrx_word' id='word_1_416' title='bbox 1078 4883 1639 4942; x_wconf 84' lang='lat' dir='ltr'>demonstrationibus</span> 
     </span>
     <span class='ocr_line' id='line_1_65' title="bbox 85 4971 1639 5076; baseline -0.006 -40"><span class='ocrx_word' id='word_1_417' title='bbox 85 5047 87 5054; x_wconf 26' lang='grc' dir='ltr'>Ι</span> <span class='ocrx_word' id='word_1_418' title='bbox 158 4971 353 5049; x_wconf 65' lang='lat' dir='ltr'>Vssfihlm,</span> <span class='ocrx_word' id='word_1_419' title='bbox 377 4977 725 5052; x_wconf 87' lang='lat' dir='ltr'>contineatur,</span> <span class='ocrx_word' id='word_1_420' title='bbox 756 4993 893 5051; x_wconf 87' lang='lat' dir='ltr'>opus</span> <span class='ocrx_word' id='word_1_421' title='bbox 917 4974 1023 5032; x_wconf 83' lang='lat' dir='ltr'>erit</span> <span class='ocrx_word' id='word_1_422' title='bbox 1047 4973 1228 5076; x_wconf 80' lang='lat' dir='ltr'>ipsam</span> <span class='ocrx_word' id='word_1_423' title='bbox 1264 4987 1483 5046; x_wconf 87' lang='lat' dir='ltr'>quoque</span> <span class='ocrx_word' id='word_1_424' title='bbox 1516 4972 1639 5028; x_wconf 80' lang='grc'><strong>0118-</strong></span> 
     </span>
     <span class='ocr_line' id='line_1_66' title="bbox 85 5061 1642 5141; baseline -0.002 -23"><span class='ocrx_word' id='word_1_425' title='bbox 85 5063 88 5114; x_wconf 66' lang='lat'>?</span> <span class='ocrx_word' id='word_1_426' title='bbox 158 5061 436 5121; x_wconf 61' lang='lat' dir='ltr'>mistiam</span> <span class='ocrx_word' id='word_1_427' title='bbox 460 5071 730 5141; x_wconf 85' lang='lat' dir='ltr'>nostram,</span> <span class='ocrx_word' id='word_1_428' title='bbox 762 5081 859 5122; x_wconf 85' lang='lat' dir='ltr'>seu</span> <span class='ocrx_word' id='word_1_429' title='bbox 885 5067 1060 5121; x_wconf 89' lang='lat' dir='ltr'>artem</span> <span class='ocrx_word' id='word_1_430' title='bbox 1086 5063 1257 5137; x_wconf 87' lang='lat' dir='ltr'>signis</span> <span class='ocrx_word' id='word_1_431' title='bbox 1282 5065 1477 5118; x_wconf 82' lang='lat' dir='ltr'>exacto</span> <span class='ocrx_word' id='word_1_432' title='bbox 1506 5075 1642 5133; x_wconf 88' lang='lat' dir='ltr'>quo·</span> 
     </span>
     <span class='ocr_line' id='line_1_67' title="bbox 164 5142 1641 5230; baseline -0.003 -20"><span class='ocrx_word' id='word_1_433' title='bbox 164 5142 247 5204; x_wconf 70' lang='lat' dir='ltr'>dm</span> <span class='ocrx_word' id='word_1_434' title='bbox 262 5152 423 5211; x_wconf 74' lang='lat' dir='ltr'>caleni</span> <span class='ocrx_word' id='word_1_435' title='bbox 448 5172 640 5230; x_wconf 84' lang='lat' dir='ltr'>genere</span> <span class='ocrx_word' id='word_1_436' title='bbox 666 5155 1080 5230; x_wconf 85' lang='lat' dir='ltr'>utendi,quam</span> <span class='ocrx_word' id='word_1_437' title='bbox 1106 5149 1511 5228; x_wconf 83' lang='lat' dir='ltr'>generalissime</span> <span class='ocrx_word' id='word_1_438' title='bbox 1544 5163 1641 5207; x_wconf 85' lang='lat' dir='ltr'>ex-</span> 
     </span>
    </p>
   </div>
   <div class='ocr_carea' id='block_1_14' title="bbox 1734 1602 3396 4744">
    <p class='ocr_par' dir='ltr' id='par_1_17' title="bbox 1751 1602 3333 1838">
     <span class='ocr_line' id='line_1_68' title="bbox 1839 1602 3333 1678; baseline 0.001 -18"><span class='ocrx_word' id='word_1_439' title='bbox 1839 1604 1900 1660; x_wconf 89' lang='lat' dir='ltr'>Si</span> <span class='ocrx_word' id='word_1_440' title='bbox 1930 1604 2163 1661; x_wconf 89' lang='lat' dir='ltr'>formula</span> <span class='ocrx_word' id='word_1_441' title='bbox 2201 1602 2469 1675; x_wconf 87' lang='lat' dir='ltr'>quaedam</span> <span class='ocrx_word' id='word_1_442' title='bbox 2505 1602 2848 1677; x_wconf 87' lang='lat' dir='ltr'>aequivaleat</span> <span class='ocrx_word' id='word_1_443' title='bbox 2893 1603 3206 1678; x_wconf 76' lang='lat' dir='ltr'>characteri,</span> <span class='ocrx_word' id='word_1_444' title='bbox 3253 1603 3333 1661; x_wconf 85' lang='lat' dir='ltr'>ita</span> 
     </span>
     <span class='ocr_line' id='line_1_69' title="bbox 1751 1690 3330 1767; baseline 0.001 -20"><span class='ocrx_word' id='word_1_445' title='bbox 1751 1696 1816 1747; x_wconf 91' lang='lat' dir='ltr'>ut</span> <span class='ocrx_word' id='word_1_446' title='bbox 1865 1692 1972 1748; x_wconf 87' lang='grc'><strong>31111</strong></span> <span class='ocrx_word' id='word_1_447' title='bbox 2023 1696 2216 1749; x_wconf 90' lang='lat' dir='ltr'>mutuo</span> <span class='ocrx_word' id='word_1_448' title='bbox 2263 1692 2522 1748; x_wconf 88' lang='lat' dir='ltr'>substitui</span> <span class='ocrx_word' id='word_1_449' title='bbox 2562 1690 2792 1767; x_wconf 87' lang='lat' dir='ltr'>possint,</span> <span class='ocrx_word' id='word_1_450' title='bbox 2823 1707 2890 1748; x_wconf 85' lang='lat' dir='ltr'>ea</span> <span class='ocrx_word' id='word_1_451' title='bbox 2921 1694 3158 1751; x_wconf 85' lang='lat' dir='ltr'>formula</span> <span class='ocrx_word' id='word_1_452' title='bbox 3187 1692 3330 1750; x_wconf 86' lang='lat' dir='ltr'>dice·</span> 
     </span>
     <span class='ocr_line' id='line_1_70' title="bbox 1751 1780 2631 1838; baseline -0.002 -1"><span class='ocrx_word' id='word_1_453' title='bbox 1751 1784 1843 1837; x_wconf 89' lang='grc'>101</span> <span class='ocrx_word' id='word_1_454' title='bbox 1870 1780 2066 1838; x_wconf 88' lang='lat' dir='ltr'>valor</span> <span class='ocrx_word' id='word_1_455' title='bbox 2091 1780 2430 1836; x_wconf 81' lang='lat' dir='ltr'>characteris.</span> <span class='ocrx_word' id='word_1_456' title='bbox 2620 1798 2631 1807; x_wconf 55' lang='lat'>⁸</span> 
     </span>
    </p>

    <p class='ocr_par' dir='ltr' id='par_1_18' title="bbox 1748 1866 3330 2119">
     <span class='ocr_line' id='line_1_71' title="bbox 1837 1866 3330 1943; baseline 0.001 -20"><span class='ocrx_word' id='word_1_457' title='bbox 1837 1868 2008 1925; x_wconf 88' lang='lat' dir='ltr'>Valor</span> <span class='ocrx_word' id='word_1_458' title='bbox 2055 1866 2410 1943; x_wconf 88' lang='lat' dir='ltr'>&#39;primigenius</span> <span class='ocrx_word' id='word_1_459' title='bbox 2459 1867 2797 1939; x_wconf 80' lang='lat' dir='ltr'>characteris,</span> <span class='ocrx_word' id='word_1_460' title='bbox 2849 1867 2948 1940; x_wconf 88' lang='lat' dir='ltr'>qui</span> <span class='ocrx_word' id='word_1_461' title='bbox 2985 1868 3192 1925; x_wconf 89' lang='lat' dir='ltr'>scilicet</span> <span class='ocrx_word' id='word_1_462' title='bbox 3225 1885 3330 1943; x_wconf 88' lang='lat' dir='ltr'>pro</span> 
     </span>
     <span class='ocr_line' id='line_1_72' title="bbox 1748 1954 3330 2033; baseline 0.001 -19"><span class='ocrx_word' id='word_1_463' title='bbox 1748 1957 1980 2015; x_wconf 85' lang='lat' dir='ltr'>arbitrio</span> <span class='ocrx_word' id='word_1_464' title='bbox 2029 1956 2084 2013; x_wconf 90' lang='lat' dir='ltr'>ei</span> <span class='ocrx_word' id='word_1_465' title='bbox 2117 1958 2426 2029; x_wconf 85' lang='lat' dir='ltr'>assignatur</span> <span class='ocrx_word' id='word_1_466' title='bbox 2461 1972 2563 2012; x_wconf 89' lang='lat' dir='ltr'>nec</span> <span class='ocrx_word' id='word_1_467' title='bbox 2609 1954 2934 2031; x_wconf 85' lang='lat' dir='ltr'>probatione</span> <span class='ocrx_word' id='word_1_468' title='bbox 2972 1972 3110 2031; x_wconf 86' lang='lat' dir='ltr'>opus</span> <span class='ocrx_word' id='word_1_469' title='bbox 3146 1957 3330 2033; x_wconf 83' lang='lat' dir='ltr'>habet,</span> 
     </span>
     <span class='ocr_line' id='line_1_73' title="bbox 1748 2044 2466 2119; baseline -0.006 -16"><span class='ocrx_word' id='word_1_470' title='bbox 1748 2050 1833 2103; x_wconf 88' lang='lat' dir='ltr'>est</span> <span class='ocrx_word' id='word_1_471' title='bbox 1858 2044 1979 2116; x_wconf 85' lang='lat' dir='ltr'>ejus</span> <span class='ocrx_word' id='word_1_472' title='bbox 2005 2044 2466 2119; x_wconf 86' lang='lat' dir='ltr'>significatio.</span> 
     </span>
    </p>

    <p class='ocr_par' dir='ltr' id='par_1_19' title="bbox 1748 2130 3330 2369">
     <span class='ocr_line' id='line_1_74' title="bbox 1835 2130 3330 2207; baseline -0.001 -16"><span class='ocrx_word' id='word_1_473' title='bbox 1835 2134 1986 2191; x_wconf 89' lang='lat' dir='ltr'>Inter</span> <span class='ocrx_word' id='word_1_474' title='bbox 2034 2150 2101 2189; x_wconf 91' lang='lat' dir='ltr'>ea</span> <span class='ocrx_word' id='word_1_475' title='bbox 2149 2148 2384 2207; x_wconf 85' lang='lat' dir='ltr'>quorum</span> <span class='ocrx_word' id='word_1_476' title='bbox 2431 2146 2606 2189; x_wconf 89' lang='lat' dir='ltr'>unum</span> <span class='ocrx_word' id='word_1_477' title='bbox 2654 2130 2815 2189; x_wconf 86' lang='lat' dir='ltr'>alteri</span> <span class='ocrx_word' id='word_1_478' title='bbox 2853 2132 3108 2189; x_wconf 88' lang='lat' dir='ltr'>substitui</span> <span class='ocrx_word' id='word_1_479' title='bbox 3149 2138 3330 2207; x_wconf 81' lang='lat' dir='ltr'>potest</span> 
     </span>
     <span class='ocr_line' id='line_1_75' title="bbox 1748 2220 3328 2297; baseline 0 -18"><span class='ocrx_word' id='word_1_480' title='bbox 1748 2221 1915 2279; x_wconf 88' lang='lat' dir='ltr'>salvis</span> <span class='ocrx_word' id='word_1_481' title='bbox 1941 2222 2133 2281; x_wconf 87' lang='lat' dir='ltr'>calculi</span> <span class='ocrx_word' id='word_1_482' title='bbox 2162 2221 2400 2297; x_wconf 89' lang='lat' dir='ltr'>legibus,</span> <span class='ocrx_word' id='word_1_483' title='bbox 2440 2220 2649 2279; x_wconf 88' lang='lat' dir='ltr'>dicetur</span> <span class='ocrx_word' id='word_1_484' title='bbox 2687 2237 2806 2277; x_wconf 71' lang='grc'><strong>0330</strong></span> <span class='ocrx_word' id='word_1_485' title='bbox 2843 2220 3328 2295; x_wconf 84' lang='lat' dir='ltr'>aequipollen-</span> 
     </span>
     <span class='ocr_line' id='line_1_76' title="bbox 1748 2311 1936 2369; baseline 0.011 -2"><span class='ocrx_word' id='word_1_486' title='bbox 1748 2311 1936 2369; x_wconf 86' lang='lat' dir='ltr'>tiam.</span> 
     </span>
    </p>

    <p class='ocr_par' dir='ltr' id='par_1_20' title="bbox 1743 2396 3327 2917">
     <span class='ocr_line' id='line_1_77' title="bbox 1834 2396 3327 2501; baseline -0.003 -43"><span class='ocrx_word' id='word_1_487' title='bbox 1834 2400 2058 2458; x_wconf 86' lang='lat' dir='ltr'>Praeter</span> <span class='ocrx_word' id='word_1_488' title='bbox 2096 2398 2578 2501; x_wconf 87' lang='lat' dir='ltr'>aequipollentiam</span> <span class='ocrx_word' id='word_1_489' title='bbox 2614 2396 2816 2455; x_wconf 87' lang='lat' dir='ltr'>dantur</span> <span class='ocrx_word' id='word_1_490' title='bbox 2853 2396 2995 2453; x_wconf 87' lang='lat' dir='ltr'>aliae</span> <span class='ocrx_word' id='word_1_491' title='bbox 3033 2396 3327 2455; x_wconf 91' lang='lat' dir='ltr'>relatio-</span> 
     </span>
     <span class='ocr_line' id='line_1_78' title="bbox 1746 2484 3327 2563; baseline 0.001 -19"><span class='ocrx_word' id='word_1_492' title='bbox 1746 2505 1868 2545; x_wconf 89' lang='lat' dir='ltr'>nes</span> <span class='ocrx_word' id='word_1_493' title='bbox 1895 2488 2218 2563; x_wconf 80' lang='lat' dir='ltr'>complures,</span> <span class='ocrx_word' id='word_1_494' title='bbox 2247 2503 2385 2560; x_wconf 89' lang='lat' dir='ltr'>quas</span> <span class='ocrx_word' id='word_1_495' title='bbox 2411 2504 2498 2544; x_wconf 89' lang='lat' dir='ltr'>res</span> <span class='ocrx_word' id='word_1_496' title='bbox 2533 2486 2652 2561; x_wconf 89' lang='lat' dir='ltr'>ipsa</span> <span class='ocrx_word' id='word_1_497' title='bbox 2690 2484 3036 2559; x_wconf 85' lang='lat' dir='ltr'>monstrabit,</span> <span class='ocrx_word' id='word_1_498' title='bbox 3067 2500 3119 2541; x_wconf 86' lang='lat' dir='ltr'>v.</span> <span class='ocrx_word' id='word_1_499' title='bbox 3149 2504 3202 2559; x_wconf 88' lang='grc'>3.</span> <span class='ocrx_word' id='word_1_500' title='bbox 3243 2486 3327 2545; x_wconf 87' lang='lat' dir='ltr'>in-</span> 
     </span>
     <span class='ocr_line' id='line_1_79' title="bbox 1746 2573 3325 2652; baseline -0.001 -17"><span class='ocrx_word' id='word_1_501' title='bbox 1746 2577 2034 2652; x_wconf 86' lang='lat' dir='ltr'>clusiones,</span> <span class='ocrx_word' id='word_1_502' title='bbox 2063 2576 2471 2649; x_wconf 81' lang='lat' dir='ltr'>similitudines,</span> <span class='ocrx_word' id='word_1_503' title='bbox 2499 2574 2998 2647; x_wconf 86' lang='lat' dir='ltr'>determinationes,</span> <span class='ocrx_word' id='word_1_504' title='bbox 3028 2573 3098 2630; x_wconf 89' lang='lat' dir='ltr'>de</span> <span class='ocrx_word' id='word_1_505' title='bbox 3125 2573 3325 2647; x_wconf 90' lang='lat' dir='ltr'>quibus</span> 
     </span>
     <span class='ocr_line' id='line_1_80' title="bbox 1745 2662 3326 2739; baseline -0.002 -16"><span class='ocrx_word' id='word_1_506' title='bbox 1745 2682 1848 2723; x_wconf 92' lang='lat' dir='ltr'>suo</span> <span class='ocrx_word' id='word_1_507' title='bbox 1889 2667 2029 2723; x_wconf 88' lang='grc'><strong>1000.</strong></span> <span class='ocrx_word' id='word_1_508' title='bbox 2094 2666 2168 2721; x_wconf 84' lang='grc' dir='ltr'>Ε1</span> <span class='ocrx_word' id='word_1_509' title='bbox 2205 2665 2434 2739; x_wconf 88' lang='lat' dir='ltr'>proinde</span> <span class='ocrx_word' id='word_1_510' title='bbox 2472 2663 2764 2721; x_wconf 88' lang='lat' dir='ltr'>relationes</span> <span class='ocrx_word' id='word_1_511' title='bbox 2801 2668 2932 2719; x_wconf 91' lang='lat' dir='ltr'>sunt</span> <span class='ocrx_word' id='word_1_512' title='bbox 2957 2662 3028 2719; x_wconf 92' lang='lat' dir='ltr'>ad</span> <span class='ocrx_word' id='word_1_513' title='bbox 3055 2662 3326 2721; x_wconf 78' lang='lat' dir='ltr'>characte-</span> 
     </span>
     <span class='ocr_line' id='line_1_81' title="bbox 1743 2750 3326 2829; baseline -0.003 -16"><span class='ocrx_word' id='word_1_514' title='bbox 1743 2770 1830 2813; x_wconf 88' lang='lat' dir='ltr'>res</span> <span class='ocrx_word' id='word_1_515' title='bbox 1858 2759 2021 2829; x_wconf 90' lang='lat' dir='ltr'>atque</span> <span class='ocrx_word' id='word_1_516' title='bbox 2057 2754 2337 2828; x_wconf 86' lang='lat' dir='ltr'>formulas,</span> <span class='ocrx_word' id='word_1_517' title='bbox 2379 2758 2444 2810; x_wconf 93' lang='lat' dir='ltr'>ut</span> <span class='ocrx_word' id='word_1_518' title='bbox 2471 2752 2874 2809; x_wconf 86' lang='lat' dir='ltr'>enuntiationes</span> <span class='ocrx_word' id='word_1_519' title='bbox 2913 2768 2974 2807; x_wconf 91' lang='lat' dir='ltr'>se</span> <span class='ocrx_word' id='word_1_520' title='bbox 3009 2750 3214 2807; x_wconf 86' lang='lat' dir='ltr'>habent</span> <span class='ocrx_word' id='word_1_521' title='bbox 3249 2750 3326 2809; x_wconf 84' lang='lat' dir='ltr'>ad</span> 
     </span>
     <span class='ocr_line' id='line_1_82' title="bbox 1743 2839 3322 2917; baseline -0.001 -15"><span class='ocrx_word' id='word_1_522' title='bbox 1743 2844 2014 2917; x_wconf 88' lang='lat' dir='ltr'>notiones,</span> <span class='ocrx_word' id='word_1_523' title='bbox 2043 2843 2163 2901; x_wconf 86' lang='lat' dir='ltr'>sive</span> <span class='ocrx_word' id='word_1_524' title='bbox 2185 2842 2420 2899; x_wconf 88' lang='lat' dir='ltr'>secunda</span> <span class='ocrx_word' id='word_1_525' title='bbox 2457 2840 2658 2898; x_wconf 89' lang='lat' dir='ltr'>mentis</span> <span class='ocrx_word' id='word_1_526' title='bbox 2695 2840 2940 2915; x_wconf 89' lang='lat' dir='ltr'>operatio</span> <span class='ocrx_word' id='word_1_527' title='bbox 2966 2839 3038 2896; x_wconf 89' lang='lat' dir='ltr'>ad</span> <span class='ocrx_word' id='word_1_528' title='bbox 3065 2840 3322 2914; x_wconf 85' lang='lat' dir='ltr'>primam.</span> 
     </span>
    </p>

    <p class='ocr_par' dir='ltr' id='par_1_21' title="bbox 1734 2945 3324 3817">
     <span class='ocr_line' id='line_1_83' title="bbox 1831 2945 3324 3022; baseline -0.002 -15"><span class='ocrx_word' id='word_1_529' title='bbox 1831 2949 2158 3007; x_wconf 87' lang='lat' dir='ltr'>Calculus</span> <span class='ocrx_word' id='word_1_530' title='bbox 2194 2950 2283 3006; x_wconf 89' lang='lat' dir='ltr'>vel</span> <span class='ocrx_word' id='word_1_531' title='bbox 2323 2949 2571 3022; x_wconf 89' lang='lat' dir='ltr'>operatio</span> <span class='ocrx_word' id='word_1_532' title='bbox 2609 2945 2859 3004; x_wconf 84' lang='lat' dir='ltr'>consistit</span> <span class='ocrx_word' id='word_1_533' title='bbox 2895 2947 2956 3002; x_wconf 90' lang='lat' dir='ltr'>in</span> <span class='ocrx_word' id='word_1_534' title='bbox 2993 2945 3324 3004; x_wconf 86' lang='lat' dir='ltr'>relationum</span> 
     </span>
     <span class='ocr_line' id='line_1_84' title="bbox 1742 3034 3321 3114; baseline -0.004 -17"><span class='ocrx_word' id='word_1_535' title='bbox 1742 3039 2117 3114; x_wconf 89' lang='lat' dir='ltr'>productione,</span> <span class='ocrx_word' id='word_1_536' title='bbox 2129 3039 2273 3095; x_wconf 81' lang='lat' dir='ltr'>facta</span> <span class='ocrx_word' id='word_1_537' title='bbox 2293 3053 2392 3114; x_wconf 89' lang='lat' dir='ltr'>per</span> <span class='ocrx_word' id='word_1_538' title='bbox 2411 3035 2924 3094; x_wconf 82' lang='lat' dir='ltr'>transmutationem</span> <span class='ocrx_word' id='word_1_539' title='bbox 2943 3034 3321 3109; x_wconf 82' lang='lat' dir='ltr'>formularum,</span> 
     </span>
     <span class='ocr_line' id='line_1_85' title="bbox 1743 3121 3321 3200; baseline -0.003 -14"><span class='ocrx_word' id='word_1_540' title='bbox 1743 3129 2038 3186; x_wconf 85' lang='lat' dir='ltr'>secundum</span> <span class='ocrx_word' id='word_1_541' title='bbox 2057 3127 2202 3200; x_wconf 89' lang='lat' dir='ltr'>leges</span> <span class='ocrx_word' id='word_1_542' title='bbox 2223 3125 2486 3199; x_wconf 88' lang='lat' dir='ltr'>quasdam</span> <span class='ocrx_word' id='word_1_543' title='bbox 2504 3123 2866 3198; x_wconf 84' lang='lat' dir='ltr'>praescriptas</span> <span class='ocrx_word' id='word_1_544' title='bbox 2889 3121 3060 3179; x_wconf 88' lang='lat' dir='ltr'>factis.</span> <span class='ocrx_word' id='word_1_545' title='bbox 3100 3123 3321 3188; x_wconf 84' lang='lat' dir='ltr'>Quanto</span> 
     </span>
     <span class='ocr_line' id='line_1_86' title="bbox 1742 3211 3322 3291; baseline -0.004 -17"><span class='ocrx_word' id='word_1_546' title='bbox 1742 3221 1928 3274; x_wconf 87' lang='lat' dir='ltr'>autem</span> <span class='ocrx_word' id='word_1_547' title='bbox 1986 3217 2168 3291; x_wconf 86' lang='lat' dir='ltr'>plures</span> <span class='ocrx_word' id='word_1_548' title='bbox 2229 3216 2373 3288; x_wconf 88' lang='lat' dir='ltr'>leges</span> <span class='ocrx_word' id='word_1_549' title='bbox 2432 3214 2548 3272; x_wconf 89' lang='lat' dir='ltr'>sive</span> <span class='ocrx_word' id='word_1_550' title='bbox 2603 3211 2944 3270; x_wconf 88' lang='lat' dir='ltr'>conditiones</span> <span class='ocrx_word' id='word_1_551' title='bbox 2991 3211 3322 3269; x_wconf 83' lang='lat' dir='ltr'>calculaturo</span> 
     </span>
     <span class='ocr_line' id='line_1_87' title="bbox 1740 3299 3323 3380; baseline -0.003 -17"><span class='ocrx_word' id='word_1_552' title='bbox 1740 3304 2198 3380; x_wconf 75' lang='lat' dir='ltr'>praescribuntur,</span> <span class='ocrx_word' id='word_1_553' title='bbox 2227 3319 2296 3359; x_wconf 91' lang='grc'>00</span> <span class='ocrx_word' id='word_1_554' title='bbox 2325 3303 2498 3375; x_wconf 85' lang='lat' dir='ltr'>magis</span> <span class='ocrx_word' id='word_1_555' title='bbox 2525 3301 2857 3376; x_wconf 87' lang='lat' dir='ltr'>compositus</span> <span class='ocrx_word' id='word_1_556' title='bbox 2885 3303 2969 3356; x_wconf 90' lang='lat' dir='ltr'>est</span> <span class='ocrx_word' id='word_1_557' title='bbox 2995 3299 3230 3358; x_wconf 87' lang='grc'><strong>08100103</strong></span> <span class='ocrx_word' id='word_1_558' title='bbox 3263 3305 3323 3358; x_wconf 90' lang='lat' dir='ltr'>et</span> 
     </span>
     <span class='ocr_line' id='line_1_88' title="bbox 1740 3388 3320 3464; baseline -0.004 -13"><span class='ocrx_word' id='word_1_559' title='bbox 1740 3393 2168 3451; x_wconf 87' lang='lat' dir='ltr'>characteristica</span> <span class='ocrx_word' id='word_1_560' title='bbox 2195 3407 2412 3464; x_wconf 88' lang='lat' dir='ltr'>quoque</span> <span class='ocrx_word' id='word_1_561' title='bbox 2439 3389 2536 3447; x_wconf 88' lang='lat' dir='ltr'>illa</span> <span class='ocrx_word' id='word_1_562' title='bbox 2564 3391 2747 3446; x_wconf 88' lang='lat' dir='ltr'>minus</span> <span class='ocrx_word' id='word_1_563' title='bbox 2783 3393 2868 3445; x_wconf 89' lang='lat' dir='ltr'>est</span> <span class='ocrx_word' id='word_1_564' title='bbox 2902 3388 3154 3461; x_wconf 84' lang='lat' dir='ltr'>simplex.</span> <span class='ocrx_word' id='word_1_565' title='bbox 3216 3389 3320 3446; x_wconf 89' lang='lat' dir='ltr'>Pa·-</span> 
     </span>
     <span class='ocr_line' id='line_1_89' title="bbox 1740 3476 3322 3556; baseline -0.004 -17"><span class='ocrx_word' id='word_1_566' title='bbox 1740 3482 2032 3556; x_wconf 87' lang='lat' dir='ltr'>tetigitur,</span> <span class='ocrx_word' id='word_1_567' title='bbox 2073 3481 2338 3537; x_wconf 81' lang='lat' dir='ltr'>formulas</span> <span class='ocrx_word' id='word_1_568' title='bbox 2381 3477 2516 3552; x_wconf 87' lang='lat' dir='ltr'>(sub</span> <span class='ocrx_word' id='word_1_569' title='bbox 2544 3479 2759 3552; x_wconf 76' lang='lat' dir='ltr'>quibuS,</span> <span class='ocrx_word' id='word_1_570' title='bbox 2803 3480 3084 3550; x_wconf 86' lang='lat' dir='ltr'>tamquam</span> <span class='ocrx_word' id='word_1_571' title='bbox 3113 3476 3322 3552; x_wconf 87' lang='lat' dir='ltr'>simpli-</span> 
     </span>
     <span class='ocr_line' id='line_1_90' title="bbox 1738 3565 3322 3643; baseline -0.003 -16"><span class='ocrx_word' id='word_1_572' title='bbox 1738 3571 2004 3643; x_wconf 85' lang='lat' dir='ltr'>cissimos,</span> <span class='ocrx_word' id='word_1_573' title='bbox 2034 3570 2162 3625; x_wconf 89' lang='lat' dir='ltr'>licet</span> <span class='ocrx_word' id='word_1_574' title='bbox 2189 3568 2641 3640; x_wconf 87' lang='lat' dir='ltr'>comprehendere</span> <span class='ocrx_word' id='word_1_575' title='bbox 2669 3568 2820 3640; x_wconf 88' lang='lat' dir='ltr'>ipsos</span> <span class='ocrx_word' id='word_1_576' title='bbox 2849 3565 3209 3638; x_wconf 73' lang='lat' dir='ltr'>cliaracteres)</span> <span class='ocrx_word' id='word_1_577' title='bbox 3237 3583 3322 3622; x_wconf 88' lang='lat' dir='ltr'>re·-</span> 
     </span>
     <span class='ocr_line' id='line_1_91' title="bbox 1738 3653 3320 3731; baseline -0.003 -16"><span class='ocrx_word' id='word_1_578' title='bbox 1738 3659 1972 3715; x_wconf 73' lang='lat' dir='ltr'>lationoe</span> <span class='ocrx_word' id='word_1_579' title='bbox 1996 3662 2055 3714; x_wconf 90' lang='lat' dir='ltr'>et</span> <span class='ocrx_word' id='word_1_580' title='bbox 2081 3657 2425 3731; x_wconf 88' lang='lat' dir='ltr'>operationes</span> <span class='ocrx_word' id='word_1_581' title='bbox 2452 3671 2512 3712; x_wconf 90' lang='lat' dir='ltr'>se</span> <span class='ocrx_word' id='word_1_582' title='bbox 2538 3656 2738 3712; x_wconf 84' lang='lat' dir='ltr'>habere</span> <span class='ocrx_word' id='word_1_583' title='bbox 2759 3659 2821 3711; x_wconf 91' lang='lat' dir='ltr'>ut</span> <span class='ocrx_word' id='word_1_584' title='bbox 2849 3653 3118 3728; x_wconf 86' lang='lat' dir='ltr'>notiones,</span> <span class='ocrx_word' id='word_1_585' title='bbox 3149 3664 3320 3711; x_wconf 85' lang='lat' dir='ltr'>enun-</span> 
     </span>
     <span class='ocr_line' id='line_1_92' title="bbox 1734 3743 2479 3817; baseline -0.001 -14"><span class='ocrx_word' id='word_1_586' title='bbox 1734 3748 1994 3804; x_wconf 84' lang='lat' dir='ltr'>tiationes</span> <span class='ocrx_word' id='word_1_587' title='bbox 2032 3749 2088 3802; x_wconf 90' lang='lat' dir='ltr'>et</span> <span class='ocrx_word' id='word_1_588' title='bbox 2113 3743 2479 3817; x_wconf 57' lang='lat' dir='ltr'>syllogismo&amp;</span> 
     </span>
    </p>

    <p class='ocr_par' dir='ltr' id='par_1_22' title="bbox 1736 3845 3396 4196">
     <span class='ocr_line' id='line_1_93' title="bbox 1824 3845 3318 3920; baseline -0.004 -11"><span class='ocrx_word' id='word_1_589' title='bbox 1824 3851 2112 3909; x_wconf 87' lang='lat' dir='ltr'>Character</span> <span class='ocrx_word' id='word_1_590' title='bbox 2161 3849 2370 3906; x_wconf 89' lang='lat' dir='ltr'>dicetur</span> <span class='ocrx_word' id='word_1_591' title='bbox 2418 3847 2693 3920; x_wconf 86' lang='lat' dir='ltr'>ingredi</span> <span class='ocrx_word' id='word_1_592' title='bbox 2738 3847 3050 3920; x_wconf 85' lang='lat' dir='ltr'>formulam,</span> <span class='ocrx_word' id='word_1_593' title='bbox 3105 3845 3170 3902; x_wconf 91' lang='grc'>111</span> <span class='ocrx_word' id='word_1_594' title='bbox 3209 3861 3318 3919; x_wconf 85' lang='lat' dir='ltr'>qua</span> 
     </span>
     <span class='ocr_line' id='line_1_94' title="bbox 1736 3933 3318 4016; baseline -0.005 -19"><span class='ocrx_word' id='word_1_595' title='bbox 1736 3952 1990 4016; x_wconf 85' lang='lat' dir='ltr'>expresse</span> <span class='ocrx_word' id='word_1_596' title='bbox 2015 3939 2255 4012; x_wconf 87' lang='lat' dir='ltr'>ponitur,</span> <span class='ocrx_word' id='word_1_597' title='bbox 2287 3936 2562 3993; x_wconf 88' lang='lat' dir='ltr'>involvi</span> <span class='ocrx_word' id='word_1_598' title='bbox 2592 3939 2777 3992; x_wconf 85' lang='lat' dir='ltr'>autem</span> <span class='ocrx_word' id='word_1_599' title='bbox 2799 3935 3023 4009; x_wconf 87' lang='lat' dir='ltr'>dicetur,</span> <span class='ocrx_word' id='word_1_600' title='bbox 3046 3933 3095 3989; x_wconf 91' lang='lat' dir='ltr'>si</span> <span class='ocrx_word' id='word_1_601' title='bbox 3122 3933 3318 3997; x_wconf 85' lang='lat' dir='ltr'>saltem</span> 
     </span>
     <span class='ocr_line' id='line_1_95' title="bbox 1736 4023 3318 4105; baseline -0.004 -19"><span class='ocrx_word' id='word_1_602' title='bbox 1736 4048 1835 4105; x_wconf 87' lang='lat' dir='ltr'>per</span> <span class='ocrx_word' id='word_1_603' title='bbox 1860 4027 2304 4086; x_wconf 84' lang='lat' dir='ltr'>substitutionem</span> <span class='ocrx_word' id='word_1_604' title='bbox 2332 4024 2815 4100; x_wconf 86' lang='lat' dir='ltr'>aequipollentium</span> <span class='ocrx_word' id='word_1_605' title='bbox 2842 4023 2988 4080; x_wconf 83' lang='lat' dir='ltr'>effici</span> <span class='ocrx_word' id='word_1_606' title='bbox 3019 4027 3216 4098; x_wconf 79' lang='lat' dir='ltr'>potest,</span> <span class='ocrx_word' id='word_1_607' title='bbox 3254 4027 3318 4080; x_wconf 90' lang='lat' dir='ltr'>ut</span> 
     </span>
     <span class='ocr_line' id='line_1_96' title="bbox 1736 4115 3396 4196; baseline -0.006 -20"><span class='ocrx_word' id='word_1_608' title='bbox 1736 4123 1857 4176; x_wconf 90' lang='lat' dir='ltr'>tum</span> <span class='ocrx_word' id='word_1_609' title='bbox 1884 4119 2105 4174; x_wconf 88' lang='lat' dir='ltr'>demum</span> <span class='ocrx_word' id='word_1_610' title='bbox 2135 4115 2485 4189; x_wconf 84' lang='lat' dir='ltr'>ingrediatur.</span> <span class='ocrx_word' id='word_1_611' title='bbox 3365 4171 3396 4196; x_wconf 57' lang='lat'><strong>·</strong></span> 
     </span>
    </p>

    <p class='ocr_par' dir='ltr' id='par_1_23' title="bbox 1737 4215 3318 4744">
     <span class='ocr_line' id='line_1_97' title="bbox 1823 4215 3316 4292; baseline -0.005 -11"><span class='ocrx_word' id='word_1_612' title='bbox 1823 4225 2165 4285; x_wconf 78' lang='lat' dir='ltr'>characteres</span> <span class='ocrx_word' id='word_1_613' title='bbox 2215 4221 2510 4278; x_wconf 87' lang='lat' dir='ltr'>formulam</span> <span class='ocrx_word' id='word_1_614' title='bbox 2547 4215 2926 4292; x_wconf 87' lang='lat' dir='ltr'>ingrediuntur</span> <span class='ocrx_word' id='word_1_615' title='bbox 2974 4217 3062 4273; x_wconf 88' lang='lat' dir='ltr'>vel</span> <span class='ocrx_word' id='word_1_616' title='bbox 3114 4217 3316 4274; x_wconf 89' lang='lat' dir='ltr'>abso·</span> 
     </span>
     <span class='ocr_line' id='line_1_98' title="bbox 1738 4303 3318 4384; baseline -0.005 -14"><span class='ocrx_word' id='word_1_617' title='bbox 1738 4314 1884 4370; x_wconf 89' lang='grc'><strong>1010</strong></span> <span class='ocrx_word' id='word_1_618' title='bbox 1934 4329 2031 4369; x_wconf 85' lang='grc'><strong>3011</strong></span> <span class='ocrx_word' id='word_1_619' title='bbox 2079 4310 2423 4384; x_wconf 86' lang='lat' dir='ltr'>simpliciter,</span> <span class='ocrx_word' id='word_1_620' title='bbox 2493 4308 2580 4366; x_wconf 88' lang='lat' dir='ltr'>vel</span> <span class='ocrx_word' id='word_1_621' title='bbox 2631 4308 2734 4364; x_wconf 85' lang='lat' dir='ltr'>sub</span> <span class='ocrx_word' id='word_1_622' title='bbox 2785 4303 3318 4363; x_wconf 82' lang='lat' dir='ltr'>modificatione</span> 
     </span>
     <span class='ocr_line' id='line_1_99' title="bbox 1737 4393 3316 4476; baseline -0.006 -17"><span class='ocrx_word' id='word_1_623' title='bbox 1737 4405 1902 4476; x_wconf 82' lang='lat' dir='ltr'>certa,</span> <span class='ocrx_word' id='word_1_624' title='bbox 1947 4401 2062 4457; x_wconf 87' lang='lat' dir='ltr'>sive</span> <span class='ocrx_word' id='word_1_625' title='bbox 2099 4399 2364 4456; x_wconf 83' lang='lat' dir='ltr'>relatione</span> <span class='ocrx_word' id='word_1_626' title='bbox 2401 4397 2472 4454; x_wconf 89' lang='lat' dir='ltr'>ad</span> <span class='ocrx_word' id='word_1_627' title='bbox 2515 4395 2684 4453; x_wconf 87' lang='lat' dir='ltr'>alium</span> <span class='ocrx_word' id='word_1_628' title='bbox 2731 4396 3118 4466; x_wconf 84' lang='lat' dir='ltr'>characterem,</span> <span class='ocrx_word' id='word_1_629' title='bbox 3159 4393 3316 4452; x_wconf 81' lang='lat' dir='ltr'>verbi</span> 
     </span>
     <span class='ocr_line' id='line_1_100' title="bbox 1737 4483 3318 4566; baseline -0.007 -17"><span class='ocrx_word' id='word_1_630' title='bbox 1737 4490 1915 4566; x_wconf 83' lang='lat' dir='ltr'>gratia</span> <span class='ocrx_word' id='word_1_631' title='bbox 1953 4491 2000 4546; x_wconf 86' lang='lat' dir='ltr'>si</span> <span class='ocrx_word' id='word_1_632' title='bbox 2040 4488 2114 4545; x_wconf 89' lang='lat' dir='ltr'>sit</span> <span class='ocrx_word' id='word_1_633' title='bbox 2150 4487 2388 4546; x_wconf 82' lang='lat' dir='ltr'>formula</span> <span class='ocrx_word' id='word_1_634' title='bbox 2426 4483 3318 4559; x_wconf 83' lang='lat' dir='ltr'>A(B).C,cumAetCingre·</span> 
     </span>
     <span class='ocr_line' id='line_1_101' title="bbox 1738 4571 3316 4652; baseline -0.004 -15"><span class='ocrx_word' id='word_1_635' title='bbox 1738 4579 1962 4638; x_wconf 77' lang='lat' dir='ltr'>&lt;liuntur</span> <span class='ocrx_word' id='word_1_636' title='bbox 2010 4581 2171 4652; x_wconf 87' lang='lat' dir='ltr'>recte,</span> <span class='ocrx_word' id='word_1_637' title='bbox 2222 4581 2284 4634; x_wconf 87' lang='lat' dir='ltr'>at</span> <span class='ocrx_word' id='word_1_638' title='bbox 2322 4577 2368 4632; x_wconf 93' lang='lat' dir='ltr'><strong>B</strong></span> <span class='ocrx_word' id='word_1_639' title='bbox 2410 4575 2632 4648; x_wconf 88' lang='lat' dir='ltr'>oblique</span> <span class='ocrx_word' id='word_1_640' title='bbox 2671 4574 2774 4631; x_wconf 89' lang='lat' dir='ltr'>sub</span> <span class='ocrx_word' id='word_1_641' title='bbox 2814 4573 2885 4633; x_wconf 85' lang='lat' dir='ltr'>A.</span> <span class='ocrx_word' id='word_1_642' title='bbox 2950 4572 3098 4630; x_wconf 86' lang='lat' dir='ltr'>Fieri</span> <span class='ocrx_word' id='word_1_643' title='bbox 3147 4571 3316 4630; x_wconf 90' lang='lat' dir='ltr'>etiam</span> 
     </span>
     <span class='ocr_line' id='line_1_102' title="bbox 1737 4661 3317 4744; baseline -0.006 -19"><span class='ocrx_word' id='word_1_644' title='bbox 1737 4672 1919 4744; x_wconf 84' lang='lat' dir='ltr'>potest</span> <span class='ocrx_word' id='word_1_645' title='bbox 1957 4671 2022 4723; x_wconf 86' lang='lat' dir='ltr'>ut</span> <span class='ocrx_word' id='word_1_646' title='bbox 2050 4683 2240 4723; x_wconf 91' lang='lat' dir='ltr'>omnes</span> <span class='ocrx_word' id='word_1_647' title='bbox 2277 4665 2605 4722; x_wconf 73' lang='lat' dir='ltr'>characteres</span> <span class='ocrx_word' id='word_1_648' title='bbox 2643 4663 2939 4719; x_wconf 86' lang='lat' dir='ltr'>formulam</span> <span class='ocrx_word' id='word_1_649' title='bbox 2975 4661 3078 4717; x_wconf 91' lang='lat' dir='ltr'>sub</span> <span class='ocrx_word' id='word_1_650' title='bbox 3103 4661 3317 4718; x_wconf 83' lang='lat' dir='ltr'>modifi-</span> 
     </span>
    </p>
   </div>
   <div class='ocr_carea' id='block_1_15' title="bbox 1736 4781 3314 5221">
    <p class='ocr_par' dir='ltr' id='par_1_24' title="bbox 1736 4781 3314 5221">
     <span class='ocr_line' id='line_1_103' title="bbox 1738 4781 3314 4864; baseline -0.006 -16"><span class='ocrx_word' id='word_1_651' title='bbox 1738 4791 1954 4849; x_wconf 87' lang='lat' dir='ltr'>catione</span> <span class='ocrx_word' id='word_1_652' title='bbox 1979 4790 2356 4864; x_wconf 85' lang='lat' dir='ltr'>ingrediantur</span> <span class='ocrx_word' id='word_1_653' title='bbox 2375 4787 2506 4845; x_wconf 88' lang='lat' dir='ltr'>utsi</span> <span class='ocrx_word' id='word_1_654' title='bbox 2531 4788 2632 4844; x_wconf 87' lang='lat' dir='ltr'>sit:</span> <span class='ocrx_word' id='word_1_655' title='bbox 2688 4785 2904 4850; x_wconf 82' lang='lat' dir='ltr'>A.B.G,</span> <span class='ocrx_word' id='word_1_656' title='bbox 2941 4785 3091 4841; x_wconf 60' lang='grc' dir='ltr'>ΒΜ.</span> <span class='ocrx_word' id='word_1_657' title='bbox 3105 4784 3174 4841; x_wconf 92' lang='grc' dir='ltr'>Ν.</span> <span class='ocrx_word' id='word_1_658' title='bbox 3217 4781 3314 4840; x_wconf 89' lang='lat' dir='ltr'>ubi</span> 
     </span>
     <span class='ocr_line' id='line_1_104' title="bbox 1736 4873 3314 4952; baseline -0.006 -15"><span class='ocrx_word' id='word_1_659' title='bbox 1736 4880 1807 4937; x_wconf 89' lang='lat' dir='ltr'>A.</span> <span class='ocrx_word' id='word_1_660' title='bbox 1818 4881 1880 4936; x_wconf 92' lang='lat' dir='ltr'>B.</span> <span class='ocrx_word' id='word_1_661' title='bbox 1890 4879 1949 4936; x_wconf 88' lang='lat' dir='ltr'>G.</span> <span class='ocrx_word' id='word_1_662' title='bbox 1980 4878 2162 4952; x_wconf 88' lang='lat' dir='ltr'>simul,</span> <span class='ocrx_word' id='word_1_663' title='bbox 2201 4883 2351 4936; x_wconf 89' lang='lat' dir='ltr'>certo</span> <span class='ocrx_word' id='word_1_664' title='bbox 2378 4877 2545 4934; x_wconf 91' lang='lat' dir='ltr'>modo</span> <span class='ocrx_word' id='word_1_665' title='bbox 2571 4877 2949 4932; x_wconf 80' lang='lat' dir='ltr'>concurrentes</span> <span class='ocrx_word' id='word_1_666' title='bbox 2976 4873 3314 4932; x_wconf 86' lang='lat' dir='ltr'>constituunt</span> 
     </span>
     <span class='ocr_line' id='line_1_105' title="bbox 1738 4963 3314 5039; baseline -0.006 -13"><span class='ocrx_word' id='word_1_667' title='bbox 1738 4969 1960 5026; x_wconf 85' lang='lat' dir='ltr'>demum</span> <span class='ocrx_word' id='word_1_668' title='bbox 1987 4969 2348 5025; x_wconf 75' lang='grc' dir='ltr'><strong>0118180101·οω</strong></span> <span class='ocrx_word' id='word_1_669' title='bbox 2384 4965 2592 5023; x_wconf 84' lang='lat' dir='ltr'>rectum</span> <span class='ocrx_word' id='word_1_670' title='bbox 2618 4981 2691 5022; x_wconf 85' lang='lat' dir='ltr'>ex</span> <span class='ocrx_word' id='word_1_671' title='bbox 2719 4964 2852 5039; x_wconf 84' lang='lat' dir='ltr'>ipsis</span> <span class='ocrx_word' id='word_1_672' title='bbox 2877 4963 3172 5021; x_wconf 83' lang='lat' dir='ltr'>conflatum</span> <span class='ocrx_word' id='word_1_673' title='bbox 3197 4975 3314 5016; x_wconf 70' lang='lat' dir='ltr'>ave</span> 
     </span>
     <span class='ocr_line' id='line_1_106' title="bbox 1738 5045 3313 5132; baseline -0.008 -17"><span class='ocrx_word' id='word_1_674' title='bbox 1738 5057 2129 5132; x_wconf 87' lang='lat' dir='ltr'>compositum,</span> <span class='ocrx_word' id='word_1_675' title='bbox 2169 5055 2410 5129; x_wconf 84' lang='lat' dir='ltr'>itemque</span> <span class='ocrx_word' id='word_1_676' title='bbox 2446 5051 2654 5111; x_wconf 82' lang='lat' dir='ltr'>faciunt</span> <span class='ocrx_word' id='word_1_677' title='bbox 2689 5053 2836 5126; x_wconf 52' lang='lat' dir='ltr'>14M.</span> <span class='ocrx_word' id='word_1_678' title='bbox 2850 5049 2920 5107; x_wconf 92' lang='lat' dir='ltr'>N.</span> <span class='ocrx_word' id='word_1_679' title='bbox 2956 5047 3151 5122; x_wconf 86' lang='lat' dir='ltr'>quodsi</span> <span class='ocrx_word' id='word_1_680' title='bbox 3188 5045 3313 5104; x_wconf 79' lang='grc'><strong>0118·</strong></span> 
     </span>
     <span class='ocr_line' id='line_1_107' title="bbox 1740 5135 3311 5221; baseline -0.008 -15"><span class='ocrx_word' id='word_1_681' title='bbox 1740 5151 1916 5206; x_wconf 81' lang='lat' dir='ltr'>racter</span> <span class='ocrx_word' id='word_1_682' title='bbox 1952 5145 2203 5205; x_wconf 87' lang='lat' dir='ltr'>absolute</span> <span class='ocrx_word' id='word_1_683' title='bbox 2239 5139 2450 5221; x_wconf 83' lang='lat' dir='ltr'>positus</span> <span class='ocrx_word' id='word_1_684' title='bbox 2497 5141 2572 5200; x_wconf 89' lang='lat' dir='ltr'>sit</span> <span class='ocrx_word' id='word_1_685' title='bbox 2608 5155 2894 5216; x_wconf 78' lang='lat' dir='ltr'>expressus</span> <span class='ocrx_word' id='word_1_686' title='bbox 2937 5135 3100 5192; x_wconf 87' lang='lat' dir='ltr'>aliter</span> <span class='ocrx_word' id='word_1_687' title='bbox 3143 5149 3311 5210; x_wconf 84' lang='lat' dir='ltr'>quam</span> 
     </span>
    </p>
   </div>
   <div class='ocr_carea' id='block_1_16' title="bbox 2945 4751 3176 4762">
    <p class='ocr_par' dir='ltr' id='par_1_25' title="bbox 2945 4751 3176 4762">
     <span class='ocr_line' id='line_1_108' title="bbox 2945 4751 3176 4762; baseline 0 1088"><span class='ocrx_word' id='word_1_688' title='bbox 2945 4751 3176 4762; x_wconf 95' lang='lat' dir='ltr'> </span> 
     </span>
    </p>
   </div>
   <div class='ocr_carea' id='block_1_17' title="bbox 2698 4753 2876 4766">
    <p class='ocr_par' dir='ltr' id='par_1_26' title="bbox 2698 4753 2876 4766">
     <span class='ocr_line' id='line_1_109' title="bbox 2698 4753 2876 4766; baseline 0 0"><span class='ocrx_word' id='word_1_689' title='bbox 2698 4753 2876 4766; x_wconf 95' lang='lat' dir='ltr'> </span> 
     </span>
    </p>
   </div>
  </div>
 </body>
</html>
