3717 5850
1237 314 2018 379 Lm1.cAUSA
2110 281 2350 381 ont

3296 320 3429 390 055

222 454 1748 529 26.Voluntasconsequensoritm‘exomnium
1831 458 2083 517 omnium
2133 460 2455 519 felicitatem
2504 468 2563 521 et
2620 464 2907 538 virtutem,
2968 470 3027 521 et
3082 472 3426 541 unumquod-

90 544 496 601 ÷voluntatum
561 546 997 601 antecedentium
1066 554 1334 602 concursu
1358 584 1378 618 ,

1469 552 1532 603 ut
1599 548 1744 604 sciti·
1829 560 1939 619 que
1978 548 2251 605 bonorum
2290 566 2395 623 pro
2442 552 2617 621 gradu
2666 564 2798 614 suae
2848 552 3141 627 bonitatis,
3197 558 3257 611 ut
3296 556 3423 626 jnm

129 635 261 704 cet,
315 631 538 701 quaudo
577 631 830 687 omnium
855 634 1081 689 effectus
1105 633 1268 689 simul
1299 638 1450 689 stare
1477 648 1588 691 non
1616 650 1746 707 pos-
1827 634 2035 692 dictum
2064 638 2163 691 est.

84 758 89 799 :
131 724 290 789 sunt,
323 718 642 775 obtineatur
660 719 805 792 iude,
835 724 1072 792 quantus
1095 720 1372 777 maximus
1397 723 1620 778 effectus
1643 736 1744 795 per

84 800 86 823 ἶ
127 806 475 877 sapientiam
503 811 561 863 et
589 808 896 879 potentiam
923 806 1160 863 obtineri
1191 812 1386 880 potest.
1456 808 1608 867 Haec
1637 821 1741 867 vo·

129 893 328 951 luntas
357 896 524 949 etiam
554 894 935 951 Decretum
963 896 1230 967 adpellari
1262 895 1421 953 solet.

231 982 270 1035 2
283 980 340 1035 7.
383 980 546 1038 Unde
586 987 768 1055 patet,
809 983 1120 1041 voluntates
1163 984 1332 1039 etiam
1359 982 1738 1039 antecedentes

129 1084 258 1123 non
301 1070 530 1129 omnino
571 1069 758 1125 irritas
785 1086 933 1144 esse,
983 1071 1080 1125 sed
1121 1071 1416 1127 efficaciam
1457 1084 1614 1127 stiam
1642 1070 1738 1126 ba·

131 1156 302 1225 ὕει-οῖ
345 1158 443 1228 qui
471 1157 576 1212 etsi
605 1156 832 1213 effectus
857 1172 1050 1214 earum
1079 1157 1394 1231 obtinetur,
1438 1174 1552 1215 non
1593 1174 1734 1213 sem-

137 1259 246 1315 per
273 1244 352 1299 sit
379 1244 609 1317 plenus,
655 1244 752 1299 sed
781 1260 882 1317 per
908 1262 1230 1301 concursum
1266 1246 1501 1301 atiamm
1545 1246 1735 1302 volun·

131 1335 316 1386 tatum
357 1330 792 1388 antecedentium
831 1334 1131 1389 restrictus·
1220 1334 1300 1390 At
1341 1334 1594 1389 voluntas
1641 1332 1736 1389 de·

129 1419 392 1491 cretoria,
423 1432 498 1473 ex
525 1419 786 1475 omnibus
805 1406 1164 1477 inclinatoriis
1191 1421 1483 1494 resultanS,
1513 1436 1732 1492 semper

129 1507 364 1578 plenum
405 1506 660 1562 enectum
689 1508 948 1579 sortitur,
979 1508 1195 1581 quoties
1220 1510 1468 1580 potentia
1497 1524 1608 1565 non
1635 1508 1730 1564 de-

128 1598 222 1647 est
251 1592 314 1648 in
341 1593 588 1649 volentez
629 1594 1092 1665 quemadmodum
1127 1600 1276 1650 certe
1303 1596 1362 1651 in
1391 1596 1510 1651 Deo
1541 1596 1730 1653 deesse

125 1681 342 1751 nequit.
417 1680 628 1752 Nempe
657 1683 718 1737 in
746 1683 866 1737 sola
898 1682 1182 1738 voluntate
1209 1682 1516 1739 ‹iecretoria
1547 1685 1728 1739 locum

123 1767 302 1824 habet
358 1768 634 1825 Axiomat
704 1770 803 1840 qui
856 1752 1040 1840 potest
1093 1774 1152 1826 et
1210 1769 1358 1841 vult,
1419 1770 1514 1826 ille
1565 1771 1726 1843 facit3

123 1854 338 1927 quippe
373 1869 500 1911 cum
540 1872 608 1911 eo
649 1855 770 1927 ipso
799 1856 1086 1912 seientiam
1115 1858 1436 1928 requisitam
1463 1857 1534 1913 ad
1565 1872 1728 1927 agen-

122 1944 266 1999 dum
297 1942 402 1997 sub
433 1942 678 2015 potentia
704 1944 1235 2017 comprehendendo,
1261 1943 1384 2012 jam
1411 1945 1550 2001 nibil
1579 1944 1728 2001 intus

121 2034 400 2101 extraque
438 2030 644 2085 actioni
685 2031 870 2085 deesse
898 2036 1152 2103 ponatur.
1242 2032 1436 2103 Neque
1462 2046 1596 2088 vero
1623 2032 1728 2087 ali-

121 2118 264 2190 quid
316 2117 564 2173 felicitati
615 2117 1044 2189 perfectionique
1087 2119 1318 2174 volentis
1345 2120 1448 2174 Dei
1489 2118 1721 2193 decedit,

117 2206 263 2261 dum
294 2218 406 2260 non
433 2206 616 2261 omnis
643 2204 762 2273 ejus
793 2206 1048 2261 voluntas
1078 2207 1331 2261 effectum
1363 2208 1584 2278 plenum
1607 2222 1725 2262 sor-

120 2293 294 2349 titur:
325 2292 454 2365 quia
481 2292 630 2348 enim
663 2292 808 2347 bona
839 2310 950 2348 nou
978 2294 1124 2365 vuit,
1157 2292 1260 2347 nisi
1289 2310 1394 2365 pro
1421 2290 1724 2363 gradu'bo-

117 2380 358 2452 nitatis,
389 2394 530 2452 quae
561 2380 622 2435 in
650 2394 980 2452 unoquoque
1019 2386 1138 2447 θεὶς
1183 2386 1300 2436 tum
1332 2382 1576 2436 maxime
1604 2380 1726 2451 ejus

115 2466 402 2524 voluntati
451 2468 678 2543 satisfit,
747 2480 874 2525 cum
931 2470 1206 2541 optimum
1257 2469 1526 2524 resultans
1578 2469 1724 2526 obti-

111 2560 304 2613 netur.

217 2642 321 2697 28.
363 2642 736 2699 Posterior
765 2640 1186 2706 Voluntatis
1225 2642 1502 2699 divisio
1545 2644 1720 2700 estin

109 2744 158 2802 p
179 2729 626 2786 rotluctivam
662 2731 806 2785 eirca
836 2729 1090 2801 proprios
1117 2734 1300 2801 actus,
1341 2734 1398 2786 et
1426 2732 1720 2803 permis-

111 2818 351 2873 sivam
401 2816 544 2871 cirea
588 2816 812 2870 alienos.
901 2816 1184 2879 Quaedam
1235 2816 1384 2870 enim
1445 2818 1720 2873 interdum

107 2905 446 2978 permittere
473 2902 628 2972 lieet,
661 2902 746 2970 (id
777 2905 876 2972 est,
907 2916 1023 2957 non
1051 2901 1340 2973 impedire)
1371 2918 1514 2975 quae
1540 2905 1720 2960 faeere

30 3009 33 3022 ¹
110 3007 244 3047 nou
275 2991 423 3062 licet,
456 2991 603 3044 velut
631 2992 882 3062 peccata,
913 2989 981 3044 de
1009 3005 1120 3060 quo
1153 3003 1305 3043 mox.
1389 2991 1464 3044 Et
1491 2992 1719 3062 permis-

109 3080 279 3138 sirae
329 3077 628 3132 voluntatis
679 3077 956 3145 objectum
1007 3074 1292 3147 proprium
1343 3091 1452 3132 nou
1504 3077 1564 3133 id
1613 3082 1718 3151 est,

111 3164 272 3238 quod
305 3165 654 3236 permittitur,
685 3164 778 3219 sed
809 3164 1100 3234 permissio
1128 3162 1267 3234 ipsa.
1689 3195 1706 3203 -

217 3251 320 3306 29.
349 3252 628 3308 Hactenus
655 3251 724 3306 de
754 3252 1081 3324 voluntate,
1125 3256 1270 3306 nunc
1301 3250 1370 3308 de
1401 3249 1714 3308 Ratione

113 3338 464 3410 Volendi,
504 3355 600 3396 seu
629 3339 818 3395 Bono
861 3343 930 3394 et
969 3337 1176 3394 Malo.
1267 3337 1574 3411 Utrumque
1617 3339 1714 3396 tri·

115 3429 254 3500 piex
281 3431 394 3496 est,
426 3425 898 3499 Metaphysicum,
934 3425 1234 3494 physicum·
1253 3430 1310 3481 et
1340 3427 1568 3483 Morale.

213 3516 312 3570 30.
339 3513 906 3586 Metaphysicum
934 3513 1242 3583 generatim
1261 3513 1508 3568 consistit
1541 3513 1597 3570 in
1627 3526 1713 3570 re-

117 3617 247 3658 rum
274 3602 443 3658 etiam
471 3615 584 3656 non
625 3601 1042 3670 intelligentium
1071 3601 1402 3672 perfectione
1429 3606 1484 3656 et
1515 3601 1712 3674 imper·

117 3691 374 3746 sectione.
419 3690 684 3746 Liliorum
707 3685 886 3761 cdmpi
903 3694 958 3744 et
979 3703 1263 3762 passerum
1282 3703 1470 3744 curam
1492 3705 1526 3743 a
1549 3691 1712 3744 Patre

111 3777 336 3833 coelesti
367 3778 482 3846 geri
521 3777 764 3834 Christus
803 3776 972 3848 dixit,
1027 3779 1084 3831 et
1137 3776 1424 3832 brutorum
1464 3777 1712 3832 animan·

115 3867 256 3922 tium
285 3869 556 3921 rationem
585 3867 732 3920 Deus
761 3865 926 3920 habet
954 3862 1099 3936 apud
1129 3863 1163 3918 J
1177 3879 1392 3919 onam.

215 3952 314 4006 31.
347 3953 716 4020 physicum
752 3952 1018 4023 accipitur
1045 3951 1328 4022 speciatim
1359 3950 1430 4005 de
1460 3951 1712 4006 substan-

116 4043 323 4098 tiarum
385 4039 808 4108 intelligentium
863 4038 1168 4096 commodis
1220 4042 1276 4093 et
1326 4039 1710 4113 incommodis,

115 4143 230 4201 quo
259 4127 496 4199 pertinet
527 4127 783 4182 malum
813 4141 1096 4198 poenae.

205 4215 303 4270 32.
345 4213 618 4270 Moraie
657 4214 726 4268 de
767 4229 955 4268 earum
998 4212 1312 4268 actionibus
1359 4211 1614 4268 virtuosis
1654 4217 1712 4269 et

115 4301 359 4374 vitiosis,
399 4317 512 4374 quo
549 4303 786 4374 pertinet
814 4302 1062 4356 ma‘lum
1093 4301 1369 4373 cnlpae:
1413 4305 1471 4356 et
1501 4301 1708 4356 malum

113 4389 400 4464 physicum
429 4391 530 4446 hoc
559 4404 724 4444 sensu
773 4405 810 4443 a
851 4389 1048 4444 morali
1077 4388 1211 4444 oriri
1242 4387 1408 4457 solet,
1461 4389 1566 4444 etsi
1595 4405 1706 4444 non

115 4493 332 4550 semper
373 4477 432 4532 in
461 4477 657 4533 iisdem
685 4475 976 4546 subjectis3
1019 4473 1115 4530 sed
1145 4477 1274 4531 haec
1305 4479 1514 4543 tamen,
1565 4491 1708 4546 quae

119 4565 288 4621 videri
332 4565 510 4636 possit
549 4565 856 4636 aberratio,
909 4579 1034 4618 cum
1063 4565 1240 4618 fructu
1271 4563 1589 4635 corrigitur,
1644 4566 1707 4617 ut

119 4653 432 4708 innoeentes
505 4652 720 4708 nollent
778 4651 928 4724 passi
999 4665 1113 4708 non
1171 4666 1307 4704 csse.
1366 4649 1492 4706 add.
1563 4650 1712 4706 infra

203 4825 305 4881 33
346 4827 493 4882 Deus
529 4827 650 4882 vult
685 4826 837 4882 bona
865 4841 966 4899 per
994 4841 1054 4880 se
1081 4823 1462 4881 antecedenter
1489 4823 1562 4880 ad
1601 4823 1705 4878 mi·

1833 758 1838 763 -
1919 722 2021 779 34.
2073 722 2254 796 Mala,
2308 724 2413 779 etsi
2464 736 2577 779 non
2618 724 2821 781 cadant
2848 727 2907 781 in
2940 728 3284 785 voluntatem
3312 730 3417 788 Dei

1822 810 2263 882 antecedentem,
2292 811 2399 866 nisi
2426 815 2693 883 quatenus
2720 828 2787 869 ea
2812 814 2885 870 ad
2928 818 3291 874 remotionem
3322 836 3416 875 co·-

1823 910 1949 955 rum
1979 898 2185 971 tendit,
2226 898 2429 953 eadum
2456 904 2639 955 tamon
2670 897 2973 974 interdum,
3018 903 3113 958 sed
3152 896 3417 961 indioe'ew

1821 985 1883 1041 in
1910 991 2361 1057 consequentem:
2391 986 2519 1057 quia
2548 986 2824 1045 interdum
2854 988 3069 1056 majora
3098 990 3246 1047 bona
3274 992 3419 1064 ipsis
3490 1042 3503 1053 .

1821 1074 2049 1129 remotis
2099 1073 2337 1129 obtineri
2388 1087 2501 1127 non
2540 1078 2802 1145 possunt,
2854 1084 2967 1145 qao
3006 1090 3137 1133 casu
3178 1080 3419 1135 remotio

1821 1161 2093 1216 malorum
2122 1176 2234 1215 non
2262 1161 2425 1233 plane
2454 1160 2767 1233 perducitur
2794 1162 2865 1215 ad
2894 1162 3146 1219 effectum
3159 1204 3175 1237 ,
3208 1170 3265 1221 et
3282 1182 3413 1223 con-

1819 1246 2017 1303 sistens
2056 1248 2205 1303 intra
2258 1248 2597 1303 voluntatem
2638 1249 3073 1322 antecedentem,
3125 1266 3239 1305 nou
3281 1268 3411 1323 pro-

1818 1336 2029 1407 rumpit
2084 1336 2145 1391 in
2200 1338 2637 1407 consequentem.
2738 1332 2897 1391 Unde
2962 1336 3259 1393 Thomas
3328 1339 3413 1394 de

1817 1422 2107 1495 Aquino
2162 1426 2291 1495 post
2356 1421 2832 1491 Augustinum
2888 1431 3003 1479 non
3060 1424 3411 1481 incommode

1815 1509 1992 1584 dixit,
2047 1510 2227 1565 Deum
2264 1510 2580 1582 permittere
2618 1509 2889 1581 quaedam
2928 1510 3077 1567 mala
3132 1513 3290 1585 fleri,-
3338 1525 3413 1568 ue

1815 1597 1991 1653 muita
2020 1595 2167 1651 bona
2195 1596 2584 1667 impediantur,

1907 1685 2008 1740 35.
2050 1685 2199 1739 Mala
2237 1683 2621 1754 Metaphysica
2656 1685 2715 1738 et
2740 1682 3005 1757 Physica,
3058 1680 3275 1756 (veluti
3304 1686 3411 1741 im-

1813 1771 2177 1843 perfectiones
2202 1771 2263 1826 in
2294 1770 2490 1844 rebus,
2524 1776 2585 1826 et
2622 1770 2773 1825 mata
2801 1786 3013 1843 menae
3040 1774 3101 1825 in
3132 1767 3409 1846 personis)

1812 1858 2089 1913 interdum
2140 1858 2277 1913 fiunt
2316 1858 2465 1914 bone
2516 1858 2848 1933 subsidiata,
2908 1865 3173 1931 tanquam
3222 1860 3409 1915 media

1811 1946 1884 2002 ad
1914 1944 2128 2013 majora
2158 1944 2322 2001 bona.

1906 2033 2008 2089 36.
2039 2032 2117 2088 At
2146 2033 2355 2087 malum
2386 2030 2628 2102 morale,
2658 2042 2757 2085 seu
2786 2030 2998 2085 malum
3024 2030 3236 2101 eulpae,
3268 2043 3405 2087 nan-
3452 2066 3467 2075 -

1808 2133 1978 2190 quam
2006 2120 2277 2174 rationem
2308 2118 2477 2173 medii
2504 2114 2685 2189 habet,
2717 2129 2897 2189 neque
2922 2114 3073 2173 enim
3104 2112 3407 2193 (Apostoio

1811 2200 2109 2281 monente)
2154 2206 2401 2261 facienda
2451 2210 2579 2261 sunt
2619 2206 2794 2275 mala,
2846 2209 2909 2259 ut
2936 2206 3195 2261 eveniant
3224 2206 3405 2277 bona,

1810 2293 1909 2347 sed
1958 2293 2234 2349 interdum
2284 2298 2470 2349 tamen
2518 2293 2793 2347 rationem
2835 2292 3003 2347 habet
3050 2291 3403 2364 conditionis,

1809 2394 1975 2453 quam
2018 2385 2249 2453 vocant,
2291 2396 2410 2435 nne
2437 2394 2548 2452 qua
2575 2396 2717 2453 nou,
2762 2378 2881 2433 sive
2916 2378 3159 2450 colligati
3188 2382 3247 2434 et
3272 2393 3405 2433 eon-

1808 2468 2158 2538 eomitantis3
2199 2467 2255 2523 id
2278 2471 2392 2541 est,
2432 2468 2551 2523 sine
2587 2482 2699 2539 quo
2740 2464 2951 2521 bouum
2982 2464 3231 2521 debitum
3258 2464 3405 2519 obti-

1807 2554 1927 2610 neri
1958 2556 2171 2627 nequit,
2202 2554 2304 2610 sub
2336 2554 2485 2610 bono
2527 2560 2713 2611 autem
2742 2551 2931 2607 debito
2960 2550 3130 2612 etiam
3160 2551 3403 2623 privatio

1806 2642 1939 2698 mali
1981 2640 2169 2699 debita
2208 2642 2538 2698 continetur.
2626 2641 2839 2696 Malum
2878 2642 3064 2695 autem
3094 2638 3405 2694 admittitur

1805 2746 1917 2786 non
1951 2746 2023 2785 ex
2049 2730 2319 2802 principio
2349 2728 2687 2784 necessitatis
2710 2726 3012 2803 absolutae,
3038 2726 3131 2782 sed
3154 2742 3225 2781 ex
3249 2726 3399 2797 prin-

1803 2817 1953 2889 cipio
1980 2816 2408 2872 convenientiae.
2498 2814 2793 2870 Rationem
2832 2814 2981 2870 enim
3008 2828 3129 2869 esse
3156 2817 3395 2885 oportet,

1803 2916 1903 2958 cur
1931 2904 2079 2960 Deus
2108 2902 2318 2958 malum
2348 2902 2632 2974 permittat
2660 2901 2870 2974 potius,
2924 2914 3093 2972 quam
3132 2915 3243 2958 non
3276 2914 3399 2972 per-

1805 2989 2019 3044 mittat:
2050 2989 2195 3045 ratio
2224 2993 2409 3044 autem
2436 2988 2661 3044 divinae
2688 2987 2987 3044 voiuntatis
3015 3001 3129 3042 noa
3143 3029 3160 3062 ,
3210 2988 3319 3044 nisi
3362 3003 3401 3043 a·

1804 3077 1982 3148 bono,
2016 3076 2160 3130 sumi
2188 3079 2390 3147 potest.

1894 3163 1999 3218 37.
2029 3163 2242 3220 Malum
2282 3162 2451 3218 etiam
2501 3158 2695 3231 eulpae
2732 3173 3013 3229 nunquam
3052 3159 3111 3214 in
3142 3160 3265 3216 Deo
3292 3159 3397 3216 ob·

1791 3251 2007 3323 jectum
2040 3254 2123 3307 est
2154 3249 2447 3306 voiuntatis
2476 3247 2867 3321 productivae,
2921 3246 3019 3302 sed
3050 3251 3263 3301 tantum
3292 3246 3399 3302 aii·

1799 3339 2023 3412 quando
2063 3339 2443 3411 permissivae3
2486 3335 2617 3407 quia
2654 3335 2775 3408 ipse
2804 3343 3085 3405 nunquam
3114 3337 3398 3406 peccatum

1799 3429 1959 3502 facit,
2019 3427 2119 3483 sed
2176 3430 2391 3482 tantam
2447 3423 2521 3480 ad
2578 3435 2857 3478 summum
2914 3421 3213 3494 aliquando
3270 3433 3395 3494 per-

1798 3517 1986 3572 mittit.

1890 3601 1992 3658 38.
2018 3599 2302 3656 Generalis
2329 3602 2513 3654 antem
2540 3597 2750 3669 Regula
2776 3599 2863 3652 est
2890 3593 3241 3669 permittendi
3272 3609 3395 3667 pce-

1795 3691 1923 3762 cati,
1954 3689 2077 3744 Deo
2100 3686 2421 3757 hominique
2446 3683 2784 3756 eommunis,
2828 3687 2891 3738 ut
2918 3695 3085 3738 nemo
3112 3682 3395 3753 permittat

1794 3781 2074 3850 peccatum
2104 3775 2376 3846 alienum,
2421 3771 2528 3828 nisi
2566 3766 2913 3844 impediendo
2942 3769 3175 3842 ipsemet
3209 3773 3397 3824 actum

1797 3879 2026 3937 pravum
2077 3859 2417 3916 exerciturus
2467 3862 2623 3913 esset.
2715 3857 2813 3927 Et,
2865 3861 2929 3912 ut
2968 3855 3143 3910 verbo
3182 3855 3391 3929 dicam,

1796 3955 2077 4024 peccatum
2128 3946 2372 4020 permitti
2414 3959 2697 4016 nunquam
2738 3943 2939 4016 licet,
2990 3939 3099 3998 nisi
3128 3942 3393 3998 cami-do-

1797 4041 1946 4110 bet,
1980 4037 2047 4091 de
2077 4047 2189 4107 quo
2220 4033 2526 4091 distinctius
2549 4031 2693 4087 infra
2726 4026 2779 4096 ὅ.
2816 4032 2914 4085 66.

1888 4127 1991 4180 39.
2043 4123 2193 4178 Deus
2232 4122 2419 4192 itaque
2457 4119 2605 4174 inter
2642 4117 2859 4188 objecta
2888 4115 3189 4171 voluntatis
3222 4115 3393 4172 habet

1794 4215 2096 4286 optimum,
2148 4212 2211 4266 ut
2250 4211 2413 4264 finem
2452 4207 2747 4276 ultimam,
2798 4203 2897 4259 sed
2926 4202 3133 4260 bouum
3162 4207 3226 4258 ut
3254 4215 3389 4273 qua-

1793 4301 2161 4371 lemcumque,
2213 4297 2383 4352 etiam
2411 4295 2813 4364 subalternum,
2864 4307 2955 4346 res
2992 4305 3125 4345 vero
3166 4289 3387 4346 indiffe-

1791 4393 2004 4460 rentes,
2056 4387 2297 4455 itemque
2336 4382 2483 4438 mala
2524 4395 2737 4454 poenae
2764 4392 2931 4450 saepe
2960 4382 3023 4433 nt
3061 4375 3273 4448 media,
3322 4380 3387 4432 at

1791 4475 2000 4530 malum
2040 4474 2231 4545 culpae
2264 4485 2377 4527 nou
2418 4469 2527 4525 nisi
2570 4472 2633 4524 ut
2662 4467 2743 4522 rei
2768 4465 2984 4538 atioqni
3008 4465 3227 4520 debitae
3252 4477 3383 4519 con-

1791 4563 2058 4618 ditionem
2097 4561 2216 4617 sine
2256 4573 2363 4629 qua
2404 4569 2549 4624 nom
2602 4571 2671 4611 eo
2720 4565 2915 4626 sensu,
2970 4567 3085 4624 quo
3134 4551 3381 4607 Christo

1791 4650 1937 4707 dixit
1966 4651 2235 4721 oportere,
2268 4650 2333 4700 ut
2361 4643 2617 4700 scandala
2646 4642 2905 4696 existant.

1882 4737 1984 4791 40.
2015 4735 2292 4790 Hactenus
2320 4733 2391 4788 de
2418 4729 2795 4800 magnitudine
2838 4731 2895 4782 et
2920 4725 2991 4782 de
3022 4723 3267 4780 bonitate
3296 4737 3377 4775 se·

1789 4824 2026 4897 paratim
2056 4837 2121 4876 ea
2151 4821 2413 4892 diximus»,
2444 4833 2587 4890 quae
2616 4814 3024 4890 praeparatoria
3052 4809 3217 4879 begins
3241 4807 3377 4862 Tra·

115 4913 358 4986 nimum,
397 4929 596 4986 nempe
623 4919 740 4970 tam
767 4927 955 4970 rerum
986 4911 1356 4985 perfectiones
1384 4911 1442 4966 in
1482 4912 1701 4970 univer-
1784 4911 2043 4968 ctationis
2108 4908 2279 4964 videri
2332 4911 2593 4979 possunt,
2656 4915 2803 4960 nunc
2840 4909 3067 4970 agaim
3108 4896 3179 4950 de
3208 4893 3373 4967 perti*

116 5017 260 5076 sum,
303 5017 472 5074 qaam
499 5003 783 5076 speciatim
812 5000 1246 5061 substantiarum
1275 4999 1699 5069 intelligentium
1783 5000 2041 5057 uentibus
2068 4997 2139 5055 ad
2170 4999 2459 5068 utramque
2476 4992 2737 5072 junctim
2808 4983 3215 5044 communia
3244 4995 3377 5050 ergo

2636 5069 2780 5132 83¹·
