3717 5850
244 5038 252 5046 ·
347 5020 535 5078 mittit.

385 318 520 384 660
671 326 676 337 ’
1481 316 2251 379 LXXIII-CAUSA
2340 318 2574 378 DEI.

2164 457 2589 517 102.Libertas
2636 464 2899 535 exempta
2948 464 3035 518 est
3084 466 3201 519 tam
3252 462 3677 539 anecessitate,

2064 562 2231 619 quam
2274 562 2309 603 a
2344 547 2645 603 coactione.
2743 548 3258 607 Necessitatem
3300 566 3433 606 non
3480 552 3679 609 faciunt

2064 633 2319 691 futuritio
2344 634 2642 691 veritatum
2658 676 2673 707 ,
2706 652 2806 693 nec
2835 627 3193 708 praescientia
3218 642 3279 695 et
3308 638 3671 711 praem-dim·

2064 722 2145 778 tio
2176 722 2310 794 Dei,
2340 737 2439 779 nec
2464 722 2887 795 praedispositio
2914 740 3118 781 rerum.

2159 809 2283 865 103
2346 810 2477 865 Non
2532 811 2902 868 futuritio:
2958 812 3089 869 licet
3135 813 3291 869 enim
3352 814 3665 871 futurorum

2061 898 2497 970 contingentium
2524 897 2597 954 sit
2624 898 2989 956 determinata
3016 901 3237 975 veritas,
3270 900 3572 957 certitudo
3596 906 3665 957 ta·

2061 1000 2191 1041 men
2242 983 2547 1058 objectiva,
2599 1002 2699 1043 seu
2737 986 3045 1045 infallibilis
3086 988 3499 1045 determinatio
3542 992 3663 1045 veri-

389 465 591 537 sionis,
631 465 750 517 tum
789 455 1139 527 omissionis3
1172 460 1230 513 et
1257 462 1378 516 tum
1403 457 1692 533 culposum
1719 474 1794 514 ex
1823 461 1981 515 natu·

387 569 484 611 rae
510 548 853 621 infirmitate,
896 550 1018 603 tum
1043 548 1101 601 et
1129 544 1466 603 malitiosum
1506 562 1580 603 ex
1606 546 1828 603 animae
1855 561 1983 621 pra·

386 640 574 697 vitate.

479 726 580 781 93.
611 719 997 779 Habituale
1045 734 1119 774 ex
1168 718 1477 777 actionibus
1527 720 1689 779 malis
1734 720 1824 777 vel
1862 738 1978 777 cre-

385 812 502 870 bris
551 811 635 867 vel
685 813 834 866 certe
885 807 1120 863 fortibus
1171 806 1375 880 oritur,
1425 808 1502 864 ob
1551 808 1978 882 impressionum

383 898 795 957 multitudinem
836 897 922 951 vel
961 894 1406 967 magnitudinem.
1498 894 1572 950 Et
1609 896 1689 977 ita
1727 898 1980 955 habitua-

383 990 454 1045 lis
497 986 713 1044 malitia
749 984 959 1057 aliquid
1011 981 1264 1053 originali
1303 982 1646 1055 corruptioni
1689 986 1977 1060 pravitatis

383 1076 557 1134 addit.

2063 1065 2225 1147 tatis,
2275 1088 2417 1145 quae
2458 1073 2570 1129 iuis
2608 1074 2781 1150 inest,
2834 1075 3064 1133 minime
3086 1076 3418 1133 necessitati
3446 1078 3665 1133 confun-

471 1164 578 1219 94.
621 1161 772 1217 Haec
811 1162 994 1215 tamen
1036 1157 1244 1231 peceati
1285 1158 1549 1232 servitus,
1593 1159 1698 1215 etsi
1726 1176 1844 1237 sese
1874 1176 1975 1233 per
2060 1160 2241 1216 denda
2268 1164 2369 1217 est.

383 1268 605 1310 omnem
644 1246 924 1319 irregeniti
969 1245 1142 1301 vitam
1181 1246 1485 1317 diffundat,
1539 1262 1652 1303 non
1695 1263 1762 1303 eo
1803 1264 1975 1321 usque
2156 1249 2295 1305 104.
2335 1246 2453 1303 Nec
2500 1248 2992 1321 praescientia
3040 1254 3160 1307 aut
3196 1250 3665 1325 praeordina·

381 1338 724 1397 extendenda
745 1338 847 1409 est,
877 1337 1140 1405 tanquam
1169 1334 1354 1390 nullae
1382 1350 1624 1406 unquam
1652 1334 1974 1406 irregcnito-
2012 1317 2029 1381 i
2061 1334 2163 1391 tio
2226 1336 2349 1391 Dei
2402 1336 2902 1394 necessitatem
2960 1337 3293 1412 imponit,
3360 1339 3501 1395 licet
3551 1340 3663 1413 ipsa

382 1444 506 1485 rum
535 1426 776 1485 actiones
804 1423 918 1478 sint
946 1436 1074 1476 vere
1103 1422 1406 1493 virtuosae,
1447 1423 1562 1478 imo
1604 1422 1786 1479 nullae
1817 1423 1974 1482 inno-
2014 1417 2019 1500 Ι
2058 1438 2277 1495 quoque
2328 1423 2402 1479 sit
2458 1423 2781 1481 infallibilis.
2872 1425 3021 1481 Deus
3076 1424 3223 1481 enim
3282 1426 3437 1482 vidit
3479 1445 3569 1483 ras
3609 1430 3663 1485 in

383 1520 582 1587 centes,
613 1512 706 1569 sed
735 1526 951 1584 semper
983 1510 1288 1565 formaliter
1317 1510 1746 1582 peccaminosae.
2059 1512 2201 1565 serie
2230 1510 2575 1583 possibilium
2606 1512 2789 1586 ideali,
2820 1512 3012 1583 quales
3040 1516 3257 1570 futurae
3284 1520 3491 1588 erant,
3524 1522 3581 1572 et
3608 1517 3659 1571 in

474 1603 574 1657 95.
615 1601 852 1656 Possunt
889 1598 1040 1653 enim
1083 1598 1250 1652 etiam
1291 1598 1567 1668 irregeniti
1609 1598 1670 1653 in
1717 1598 1972 1656 civilibus
2058 1598 2125 1653 iis
2164 1598 2445 1654 hominem
2484 1599 2660 1655 libe-re
2698 1604 3041 1672 peccantem3
3080 1616 3261 1672 neque
3298 1602 3477 1670 hujus
3504 1604 3657 1659 seriei

381 1706 544 1761 agere
571 1684 868 1760 aliquando
896 1700 1086 1741 amore
1123 1685 1340 1740 virtutis
1369 1689 1428 1739 et
1461 1685 1590 1740 boni
1615 1686 1835 1759 publici,
1868 1688 1971 1744 im·
2056 1685 2395 1742 decernendo
2424 1686 2805 1760 existentiam,
2852 1687 3085 1743 mutavit
3114 1689 3195 1743 rei
3224 1694 3533 1765 naturam,
3566 1698 3657 1747 aut

381 1778 650 1850 pulsuque
674 1779 857 1829 rectae
881 1772 1126 1844 rationis,
1151 1772 1265 1827 imo
1294 1777 1350 1827 et
1372 1772 1574 1829 intuitu
1587 1774 1707 1845 Dei,
1739 1775 1856 1830 sine
1876 1777 1971 1831 ad-
2058 1773 2203 1845 quod
2231 1776 2554 1844 contingens
2582 1778 2728 1847 erat,
2759 1774 3123 1830 necessarium
3152 1777 3301 1833 tecit.

381 1866 561 1922 mixta
589 1862 776 1935 aliqua
805 1876 977 1934 prava
997 1861 1300 1916 intentione
1322 1860 1664 1933 ambitionis,
1693 1864 1969 1921 commodi
2154 1861 2293 1916 105.
2346 1862 2537 1933 Neque
2576 1862 2746 1917 etiam
2790 1862 3075 1934 praedis
3090 1864 3363 1935 positio
3401 1881 3651 1939 rerum,

379 1950 600 2027 privati,
627 1954 723 2005 aut
751 1950 976 2004 affectus
1005 1949 1254 2003 carnalis.
2055 1951 2153 2004 aut
2202 1964 2491 2005 causarum
2533 1950 2701 2005 series
2755 1954 2915 2004 nocet
2950 1950 3211 2007 libertati.
3306 1952 3457 2009 licet
3496 1956 3653 2011 enim
3703 2002 3704 2025 3

471 2040 575 2094 96.
613 2039 841 2109 Semper
881 2039 1068 2089 tamen
1107 2051 1182 2089 ex
1221 2034 1408 2091 radice
1437 2034 1636 2091 insecta
1669 2038 1967 2109 procedunt
2056 2050 2331 2107 nunquam
2372 2038 2661 2110 quicquam
2700 2038 2946 2109 eveniat,
2988 2038 3123 2108 quin
3162 2037 3285 2107 eJus
3322 2042 3475 2097 ratio
3501 2042 3653 2097 reddi

379 2142 521 2199 quae
549 2128 734 2196 agunt,
767 2128 824 2179 et
851 2122 1063 2194 aliquid
1091 2124 1250 2195 pravi
1289 2123 1418 2191 (etsi
1449 2122 1726 2179 interdum
1753 2125 1969 2181 babitu·
2052 2122 2260 2195 possit,
2322 2140 2500 2197 neque
2562 2125 2676 2180 ulla
2738 2140 2983 2197 unquam
3044 2126 3206 2183 detur
3270 2127 3645 2186 indifferentia
3703 2188 3704 2191 ,

377 2214 538 2269 aliter
565 2212 814 2280 tantum)
842 2210 1188 2266 admiscetur.
2054 2212 2377 2283 aequlibrii,
2411 2213 2597 2283 (quasi
2624 2212 2683 2266 in
2712 2213 3021 2269 substantia
3049 2213 3219 2270 libera
3248 2220 3308 2271 et
3334 2222 3509 2273 extra
3534 2233 3647 2273 eam
3703 2280 3704 2287 ἶ

465 2300 575 2357 97.
613 2300 899 2355 Caeterum
938 2298 1074 2353 haec
1111 2297 1390 2369 corruptio
1420 2297 1844 2371 depravatioque
1872 2300 1968 2357 hu·
2054 2299 2242 2354 omnia
2281 2298 2351 2353 ad
2390 2302 2702 2374 oppositum
2752 2305 3045 2373 utrumque
3094 2318 3155 2357 se
3201 2306 3517 2375 aequaliter
3558 2322 3649 2361 nn-

376 2406 571 2461 mana,
601 2390 1010 2459 quantacunque
1039 2385 1137 2457 sit,
1169 2401 1282 2442 non
1312 2384 1439 2440 ideo
1472 2391 1656 2440 tamen
1686 2387 1968 2444 bominem
2054 2402 2219 2457 quam
2248 2381 2584 2463 haberent:)
2626 2404 2752 2444 cum
2782 2390 2963 2461 potius
2992 2406 3207 2461 semper
3234 2391 3353 2447 sint
3382 2394 3647 2463 quaedam

377 2474 750 2532 excusabilem
802 2472 1009 2542 reddit,
1060 2478 1159 2528 aut
1196 2490 1232 2528 a
1257 2472 1420 2545 culpa
1449 2474 1674 2548 eximit,
1704 2479 1965 2547 tanquam
2052 2476 2499 2546 praeparationes
2527 2474 2585 2531 in
2614 2492 2778 2531 causa
2805 2481 3026 2549 agente,
3064 2480 3642 2552 concurrentibusque,

378 2580 491 2619 non
533 2562 668 2616 satis
707 2564 903 2633 sponte
944 2560 1220 2631 libereque
1267 2565 1422 2633 agat:
1477 2567 1769 2633 supersunt
1817 2565 1965 2619 enim
2052 2576 2186 2632 quas
2218 2562 2391 2634 aliqui
2434 2552 3045 2635 praedeterminationes
3085 2570 3311 2621 vocant:
3354 2568 3641 2623 dicendum

377 2648 730 2719 reliquiae
781 2646 1063 2703 divinae
1111 2647 1467 2719 imaginis,
1545 2665 1685 2720 quae
1743 2652 1967 2723 faciunt,
2054 2653 2241 2704 tamen
2270 2655 2387 2724 est,
2430 2652 2529 2707 lias
2570 2652 3054 2707 determinationes
3094 2668 3209 2708 esse
3242 2658 3471 2711 tantum
3502 2656 3639 2712 incli-

375 2742 442 2794 ut
493 2735 712 2805 Justitia
759 2734 867 2791 Dei
923 2734 982 2789 in
1047 2734 1338 2808 puniendis
1385 2737 1761 2809 peccatoribus
1811 2739 1966 2795 salva
2049 2742 2263 2812 nanteS,
2294 2754 2409 2795 non
2438 2740 2856 2811 necessitanteS,
2888 2739 2967 2795 ita
3002 2744 3065 2795 ut
3096 2756 3316 2813 semper
3342 2744 3541 2815 aliqua
3568 2744 3641 2798 in·

373 2828 615 2881 maneat.
957 2887 963 2894 ⁸
2050 2824 2359 2892 differentia
2398 2827 2514 2881 sive
2550 2828 2918 2898 contingentia
2947 2827 3022 2882 sit
3050 2829 3217 2883 salva.
3311 2830 3437 2887 Nec
3462 2836 3637 2887 tantus

467 2910 562 2968 9S.
604 2910 888 2983 Reliquiae
925 2909 1148 2967 divinae
1188 2910 1446 2982 imaginis
1496 2912 1798 2970 consistunt
1840 2916 1962 2971 tum
2049 2929 2289 2986 unquam
2319 2914 2377 2970 in
2408 2914 2569 2970 nobis
2598 2916 2824 2971 affectus
2852 2916 3197 2989 appetitusve
3221 2920 3335 2989 est,
3384 2925 3453 2976 ut
3480 2935 3555 2975 ex
3580 2937 3637 2974 ω

373 3002 432 3058 in
486 2990 693 3057 lumine
721 3000 912 3056 innato
941 2999 1277 3071 intellectuS,
1329 3003 1448 3054 tum
1497 3002 1666 3056 etiam
1706 3002 1762 3060 in
1793 3003 1961 3060 liber-
2046 3007 2199 3057 actus
2250 3003 2553 3058 necessario
2614 3008 2899 3076 sequatur:
2950 3020 3085 3059 nam
3134 3006 3409 3077 quamdiu
3480 3008 3639 3064 homo

369 3094 484 3146 tate
510 3088 799 3159 congenita
829 3086 1145 3143 voluntatis.
1223 3087 1529 3164 Utrumque
1557 3089 1626 3146 ad
1655 3089 1959 3147 viituosam
2046 3090 2245 3146 mentis
2274 3106 2500 3164 compos
2528 3095 2641 3162 est,
2672 3090 2887 3148 etiamsi
2930 3092 3413 3149 vehementissime
3442 3094 3519 3150 ab
3546 3096 3637 3166 ira,

371 3177 738 3248 vitiosamque
787 3175 1063 3233 actionem
1103 3175 1463 3232 necessarium
1491 3179 1604 3251 est,
1658 3183 1720 3234 ut
1757 3179 1962 3235 scilicet
2045 3192 2080 3231 a
2108 3177 2229 3250 siti,
2258 3179 2349 3233 vel
2377 3178 2545 3233 simili
2586 3194 2748 3234 eausa
2801 3180 3169 3250 stimuletuu„
3192 3197 3420 3255 semper
3460 3189 3637 3240 tamen

370 3267 606 3321 sciamus
655 3259 1018 3336 velimusque,
1071 3278 1213 3335 quae
1261 3263 1474 3336 agimus
1490 3278 1506 3334 5
1579 3270 1633 3320 et
1684 3267 1959 3338 possimus
2045 3265 2231 3336 aliqua
2260 3265 2404 3322 ratio
2445 3265 2675 3322 sistendi
2714 3267 2983 3340 impetum
3034 3268 3265 3340 reperiri
3305 3275 3542 3342 potest,
3590 3279 3637 3326 et

367 3353 536 3408 etiam
559 3352 753 3408 abhoc
780 3355 1020 3426 peccate,
1051 3351 1199 3424 quod
1225 3352 1634 3426 committimus⁵
1661 3353 1955 3430 abstinere,
2041 3352 2338 3424 aliquando
2368 3353 2455 3410 vel
2484 3355 2603 3410 sola
2631 3355 2832 3410 sufficit
2858 3355 3121 3426 cogitatio
3142 3358 3489 3415 exercendae
3518 3376 3637 3415 suae

367 3439 414 3494 si
444 3439 614 3497 modo
643 3439 774 3495 satis
799 3439 971 3496 studii
1010 3439 1386 3496 adhibeamus.
2044 3438 2331 3512 libertatis,
2362 3442 2497 3496 etin
2524 3443 2753 3498 aflectus
2781 3443 3087 3515 potestatis.

459 3529 565 3584 99.
613 3527 864 3583 Lumen
913 3527 1220 3584 innatum
1268 3528 1522 3584 consistit
1571 3531 1690 3584 tum
1730 3527 1789 3584 in
1819 3529 1957 3585 ideis
2141 3528 2282 3585 106.
2326 3529 2520 3600 ltaque
2550 3533 2765 3586 tantum
2793 3530 2981 3604 abest,
3022 3533 3087 3586 ut
3114 3532 3635 3604 praedeterminatio

368 3615 748 3689 incomplexis»,
783 3619 900 3672 tum
941 3615 996 3672 in
1029 3617 1374 3672 nascentibus
1403 3617 1532 3673 inde
1559 3617 1777 3674 notitiis
1805 3634 1952 3674 com-
2040 3630 2135 3671 seu
2164 3615 2585 3689 praedispositio
2612 3633 2685 3673 ex
2714 3617 2922 3692 causiS,
2967 3619 3191 3690 qualem
3216 3619 3505 3693 diximnS,
3552 3637 3635 3676 ne-

366 3703 561 3776 plexis.
649 3703 735 3759 lta
785 3703 847 3758 fit
885 3707 948 3760 ut
977 3705 1124 3760 Deus
1161 3707 1218 3761 et
1257 3705 1348 3760 lex
1377 3705 1482 3760 Dei
1512 3710 1734 3761 aeterna
1763 3707 1956 3761 inscri—
1996 3756 2001 3799 Ι
2038 3704 2348 3760 cessitatem
2400 3704 2622 3760 inducat
2672 3707 3007 3762 contrariam
3056 3707 3403 3776 contingenti
3444 3709 3535 3763 vel
3579 3709 3636 3764 li-

364 3789 566 3846 bantur
604 3791 860 3847 cordibus
890 3793 1125 3865 nostris,
1167 3793 1270 3848 etsi
1302 3793 1638 3864 negligentia
1666 3793 1955 3850 hominum
2040 3790 2239 3846 bertati
2280 3797 2377 3847 aut
2418 3793 2748 3848 moralitati:
2800 3798 2865 3848 ut
2910 3794 3097 3866 potius
3142 3794 3202 3850 in
3256 3794 3363 3850 hoc
3402 3795 3531 3867 ipso
3561 3795 3637 3851 di-

361 3883 418 3936 et
448 3879 1096 3937 affectibus'sensualium
1125 3896 1288 3953 saepe
1310 3880 1685 3938 obscurentur.

460 3967 600 4022 100.
641 3967 914 4024 Probatur
953 3975 1138 4024 autem
1183 3969 1285 4025 hoc
1325 3969 1530 4025 lumem
1567 3973 1758 4026 contra
1789 3984 1953 4041 quos-

361 4055 491 4111 dam
543 4071 780 4128 nuperos
809 4057 1137 4129 Scriptores,
1191 4061 1308 4112 tum
1346 4073 1418 4111 ex
1448 4057 1726 4130 Scriptura
1767 4059 1949 4130 Sacra,

360 4157 503 4214 quae
537 4144 794 4200 cordibus
833 4144 1038 4200 nostris
1075 4145 1273 4216 Legem
1304 4144 1408 4199 Dei
1441 4144 1757 4217 inscriptam
1787 4148 1951 4200 testa·-

2039 3880 2345 3948 stinguatur
2365 3881 2562 3936 Fatum
2588 3880 3043 3936 Mahometanum
3084 3899 3119 3938 a
3148 3881 3499 3956 Christiano,
3542 3884 3636 3939 ab·

2038 3967 2264 4022 surdum
2306 3983 2341 4022 a
2381 3968 2664 4024 rationali:
2706 3969 2855 4040 quod
2894 3969 3109 4026 'rurcao
3154 3984 3349 4026 causas
3390 3987 3509 4026 nou
3548 3988 3629 4027 eu-

2038 4060 2188 4127 rant3
2238 4055 2538 4112 Christiani
2574 4072 2735 4130 vero,
2780 4059 2838 4112 et
2884 4056 3193 4129 quicunque
3240 4059 3511 4134 sapiunt,
3560 4061 3632 4116 et·-

2038 4144 2243 4198 fectum
2270 4160 2344 4199 ex
2373 4159 2536 4200 eausa
2565 4143 2855 4200 deducunt.

363 4233 480 4301 tur,
523 4235 642 4286 tum
681 4247 755 4286 ex
783 4233 1024 4304 ratione,
1067 4232 1194 4304 quia
1224 4232 1484 4287 veritates
1509 4233 1848 4287 necessariae
1879 4248 1951 4287 ex
1995 4244 2000 4295 ι
2134 4231 2273 4287 107.
2314 4231 2525 4288 Turcae
2554 4233 2789 4304 scilicet,
2832 4235 2893 4288 ut
2933 4233 3083 4288 sama
3122 4235 3207 4287 est
3249 4232 3623 4305 (quamquam

361 4316 496 4372 solis
542 4318 824 4391 principiis
873 4319 1042 4375 menti
1093 4319 1306 4392 insitis,
1355 4335 1468 4376 non
1519 4334 1592 4374 ex
1639 4318 1952 4376 inductione
1992 4309 1999 4377 ἑ
2037 4333 2151 4374 non
2192 4334 2385 4376 omnes
2430 4321 2509 4375 sie
2550 4321 2801 4390 desipere
2828 4315 3057 4394 putem)
3100 4321 3303 4374 frustra
3330 4325 3547 4392 pestem
3576 4327 3625 4376 et

357 4419 616 4462 sensuum
631 4445 648 4479 ,
703 4408 1070 4464 demonstrari
1123 4411 1366 4480 possunt.
1456 4407 1647 4477 Neque
1685 4407 1836 4462 enim
1864 4407 1949 4461 in·
1989 4380 1997 4455 ,Ι
2036 4406 2147 4463 alia
2188 4407 2336 4462 mala
2372 4408 2573 4463 evitari
2612 4406 2980 4479 arbitrantur,
3023 4407 3189 4479 idque
3216 4423 3285 4463 eo
3316 4412 3619 4480 praetextu,

356 4491 544 4548 ductio
585 4493 942 4565 singularium
982 4511 1226 4569 unquam
1265 4493 1642 4551 necessitatem
1673 4496 1950 4552 universa·
1988 4470 1993 4601 ²
2034 4493 2181 4566 quod
2211 4497 2398 4551 sutura
2427 4495 2515 4551 vel
2542 4494 2760 4551 decreta
2786 4499 3051 4550 eventura
3090 4496 3231 4568 sint,
3284 4497 3493 4567 quicq
3512 4496 3619 4551 uid

355 4579 466 4636 lein
493 4580 678 4637 infert.
1988 4614 1993 4673 ἰ
2034 4597 2196 4651 agas
2225 4586 2325 4638 aut
2350 4598 2483 4640 non
2524 4598 2722 4656 agas,
2757 4583 2905 4654 quod
2935 4583 3137 4638 falsum
3164 4586 3277 4637 est:
3306 4599 3436 4640 cum
3458 4583 3619 4638 Ratio

451 4668 598 4726 101.
657 4670 982 4727 Libertas
1027 4687 1243 4745 quoque
1295 4671 1353 4728 in
1394 4674 1810 4743 quantacunque
1848 4671 1950 4727 lm-
1987 4680 1993 4749 ρ
2032 4669 2228 4742 dictet,
2260 4684 2423 4742 eum,
2464 4670 2558 4742 qui
2590 4675 2739 4726 certo
2768 4675 2923 4742 peste
2954 4662 3257 4726 moriturus
3286 4675 3403 4742 est,
3454 4671 3617 4726 etiam

355 4773 522 4814 mana
561 4759 910 4833 corruptione
939 4761 1094 4815 salva
1129 4763 1346 4832 manet,
1389 4759 1470 4814 ita
1509 4763 1573 4814 ut
1601 4759 1798 4831 homo,
1840 4759 1943 4816 etsi
1984 4755 1990 4817 l
2028 4757 2331 4812 certissime
2396 4773 2587 4814 causas
2656 4758 2829 4830 pestis
2894 4773 3009 4814 non
3078 4773 3198 4812 esse
3269 4759 3609 4814 evitaturum.

351 4845 498 4904 haud
539 4847 707 4904 dubie
751 4853 1068 4921 peccaturus
1095 4848 1198 4917 sit,
1239 4861 1520 4918 nunquam
1549 4849 1736 4902 tamen
1763 4863 1937 4902 neces-
1979 4832 1987 4956 Ι
2029 4845 2260 4918 Nempe,
2292 4849 2356 4901 ut
2384 4849 2529 4901 reete
2542 4844 2867 4902 Germanico
2896 4844 3193 4918 proverbio
3218 4844 3441 4918 dicitnr,
3470 4861 3610 4900 mors

354 4934 505 4990 sario
544 4937 854 4994 committat
893 4937 1036 4994 hunc
1064 4937 1246 4991 actum
1276 4933 1565 5008 peccandi,
1595 4947 1762 5007 quem
1791 4949 1944 4992 com·
1977 4957 1986 5081 ι
2030 4933 2147 4988 vult
2196 4931 2397 4988 habere
2446 4947 2685 4990 eausam.
2774 4932 3036 5004 Idemque
3076 4932 3134 4988 in
3184 4931 3313 4988 aliis
3362 4931 3607 4992 omnibus
3703 5017 3704 5024 ἵ

1978 5084 1983 5141 Ι
2026 5021 2237 5078 eventis
2268 5021 2449 5079 locum
2474 5021 2656 5079 habet.
2731 5019 2879 5078 Add.
2908 5036 3079 5094 supra
3108 5015 3163 5085 §-
3198 5019 3303 5076 45.
