3717 5850
1140 350 2231 412 Lxxm.cAUSADE1.
2644 386 2652 395 ·
3187 352 3318 421 657

102 487 218 545 54.
280 487 387 546 Aa
435 490 532 547 has
580 488 832 561 querelas
879 488 994 549 duo
1034 490 1357 565 responderi
1407 490 1638 547 debent:
1682 478 1685 483 ’
1723 490 1794 547 de
1822 490 1979 549 Statu
2004 490 2425 568 damnatorum,
2468 511 2563 553 eos
2593 495 2733 555 bene
2760 501 2991 575 remtat,
3018 501 3205 575 quiin
3233 505 3318 561 fu-

39 591 214 648 mum,
251 576 420 647 quod
450 577 747 649 Apostolus
775 578 1012 650 adtulit,
1042 594 1159 635 non
1187 594 1308 634 esse
1335 579 1638 649 condignas
1725 583 1850 635 tura
1880 580 1999 637 vita
2028 584 2252 652 peccata
2279 597 2519 654 poenam
2560 584 2828 643 demereri
2878 592 3106 663 negant,
3158 593 3319 665 quasi

39 662 388 721 ldflictiones
439 663 602 735 buius
650 665 918 737 temporis
965 665 1038 722 ad
1088 667 1331 723 futuram
1381 666 1636 739 gloriam,
1712 664 1965 740 justitia,
1996 667 2115 725 Deo
2144 668 2485 742 essentialis,
2516 688 2731 730 cessare
2758 690 2997 746 unquam
3026 684 3229 749 posset.

39 764 158 821 {uae
189 752 547 808 revelabitur
575 751 632 807 in
669 753 864 824 nobisg
905 753 1171 826 alterum,
1213 751 1360 825 quod
1390 754 1637 828 pulcher-
1812 756 1919 809 60.
1950 754 2327 813 Gravissimae
2369 756 2593 815 tandem
2636 766 2767 817 sunt
2794 762 3141 823 difficultates
3168 767 3315 825 circa

40 837 160 893 ima
215 840 650 911 comparatione
697 840 940 896 Christus
991 840 1109 914 ipse
1158 841 1462 915 subgessit,
1525 842 1636 898 nisi
1721 841 2197 899 Sanctitatem
2250 844 2409 917 Dei,
2459 862 2555 901 seu
2604 846 2751 903 circa
2801 850 3189 921 perfectionem
3238 855 3312 913 ad

39 940 258 993 ⁸tranum
291 928 592 998 frumenti,
635 927 835 985 cadens
863 929 921 985 in
953 932 1184 1001 terram,
1214 934 1494 987 mortuum
1521 931 1636 986 fue·
1722 928 1871 984 bona
1900 929 2153 1001 malaque
2182 932 2413 989 moralia
2442 932 2680 989 aliorum
2708 936 2963 1009 relatam,
3007 955 3146 1010 quae
3182 958 3313 999 eum

40 1012 105 1085 it,
139 1015 404 1069 fructum
433 1031 548 1071 non
577 1015 732 1071 feret.
1720 1031 1915 1071 amare
1950 1016 2225 1089 virtutem,
2256 1017 2436 1075 odisse
2466 1020 2689 1092 vitium,
2720 1023 2889 1079 etiam
2920 1025 2977 1081 in
3004 1027 3131 1083 aliis
3158 1029 3309 1103 facit,

105 1100 214 1187 65.
262 1100 472 1174 ltaque
522 1118 638 1157 non
689 1106 904 1158 tantum
947 1103 1098 1174 large
1136 1102 1636 1175 compensabuntur
1675 1105 1682 1238 Ι
1719 1107 1776 1159 et
1822 1102 1897 1158 ab
1950 1104 2103 1161 omni
2154 1106 2362 1177 peccati
2412 1104 2541 1163 labe
2576 1112 2743 1179 atque
2784 1113 3109 1181 contagione
3140 1130 3309 1187 quam

39 1184 402 1262 zdflictiones,
432 1190 526 1245 sed
556 1195 614 1245 et
641 1188 936 1245 inservient
965 1190 1036 1245 ad
1067 1190 1345 1247 felicitatis
1375 1206 1635 1263 augmen·
1675 1241 1681 1265 ¹
1721 1190 1967 1245 maxime
1993 1198 2272 1264 removet3
2314 1196 2371 1248 et
2398 1198 2583 1249 tamen
2612 1197 2815 1267 passim
2847 1200 3049 1255 seelera
3078 1210 3311 1271 regnant

39 1290 164 1349 um,
209 1290 324 1332 nec
357 1280 576 1333 tantum
605 1280 839 1349 prosunt
865 1277 998 1335 haec
1025 1279 1204 1353 mala,
1246 1279 1342 1335 sed
1371 1283 1426 1335 et
1455 1278 1636 1351 requi·
1676 1273 1681 1323 ἓ
1720 1278 1780 1332 in
1809 1278 1994 1334 medio
2034 1280 2537 1355 potentissimi-Dei
2578 1284 2823 1355 imperio.
2911 1287 3017 1343 Sed
3045 1289 3313 1362 quidquid

39 1367 236 1435 untur,
271 1362 436 1421 Add.
467 1360 518 1430 §-
555 1364 656 1419 32.
1720 1364 1824 1421 hoc
1845 1370 1933 1420 est
1960 1366 2325 1440 difficultatiS,
2356 1367 2531 1425 divini
2554 1370 2777 1429 luminis
2806 1374 3017 1431 auxilio
3046 1376 3215 1433 etiam
3247 1378 3309 1434 in

105 1451 212 1505 56.
247 1451 467 1508 Circa
498 1454 802 1507 suturam
843 1451 1059 1508 vitam
1099 1452 1320 1523 gravior
1348 1452 1526 1508 adhuc
1552 1455 1637 1507 est
1719 1454 1820 1508 hac
1850 1455 1962 1509 vita
1993 1453 2073 1509 ita
2100 1459 2405 1527 superatur,
2436 1462 2499 1511 ut
2530 1458 2629 1530 pii,
2660 1464 2716 1514 et
2745 1459 2848 1515 Dei
2878 1466 3147 1538 amantes,
3177 1465 3305 1540 sibi,

39 1537 356 1594 lifficnltas=
403 1554 538 1595 nam
578 1538 864 1612 objicitur,
906 1538 986 1595 ibi
1025 1555 1242 1612 quoque
1281 1540 1433 1596 bona
1469 1539 1637 1611 longe
1717 1544 1986 1612 quantum
2016 1558 2155 1613 opus
2184 1545 2286 1616 est,
2316 1544 2623 1601 satisfacere
2652 1547 2880 1617 possint.

39 1625 160 1679 rinci
204 1642 241 1681 a
274 1626 483 1700 malis,
525 1626 655 1697 quia
683 1626 844 1699 pauci
873 1630 1003 1683 sunt
1029 1628 1204 1683 electi.
1292 1626 1636 1697 Origenes
1673 1590 1680 1697 ,Ῐ
1810 1628 1913 1685 61.
1958 1628 2319 1696 Objicitur
2360 1646 2561 1702 nempe
2590 1634 2769 1689 Deum
2796 1635 2963 1691 nimis
2990 1652 3313 1697 concurrere

39 1712 244 1785 [uidem
296 1718 590 1771 aeternam
640 1714 1052 1769 damnationem
1103 1714 1332 1771 omnino
1382 1714 1632 1785 sustulit,
1673 1698 1678 1768 Ι
1717 1714 1788 1769 ad
1815 1720 2126 1788 peccatum,
2170 1717 2447 1773 hominem
2484 1734 2600 1773 non
2643 1723 2795 1779 satis.
2886 1724 3095 1779 Deum
3124 1730 3311 1784 autem

39 1800 246 1871 [uidam
291 1804 558 1858 veterum
599 1817 804 1874 paucos
831 1802 1030 1856 saltem
1057 1806 1342 1858 aeternum
1367 1800 1630 1857 damuan-
1717 1802 1881 1857 nimis
1922 1820 2343 1859 concurrere
2380 1804 2463 1859 ad
2506 1808 2757 1863 malum
2788 1812 3055 1867 morale
3080 1814 3309 1883 physice

39 1887 116 1943 los
167 1888 496 1962 credidere,
549 1904 780 1960 quorum
819 1888 878 1943 in
915 1903 1146 1945 numero
1186 1888 1294 1943 fuit
1331 1889 1630 1945 Pruden-
1715 1892 1772 1943 et
1809 1889 2121 1965 moraliter,
2174 1891 2459 1947 voluntate
2506 1897 2565 1948 et
2614 1894 2935 1966 productiva
2984 1904 3041 1953 et
3074 1902 3306 1971 permis.

39 1974 189 2045 :ius3
221 1975 569 2047 quibusdam
597 1974 820 2048 placuit,
851 1992 1075 2033 omnem
1105 1976 1474 2033 Christianum
1507 1982 1628 2033 tan·
1715 1976 1832 2032 siva
1862 1976 2089 2049 peccati.
2176 2024 2185 2033 .

39 2060 144 2118 lem
184 2064 476 2119 salvatum
516 2063 614 2137 iri,
675 2078 940 2134 quorsum
991 2063 1288 2135 aliquando
1337 2063 1629 2122 inclinasse
1805 2064 1909 2119 62.
1950 2064 2291 2120 Concursum
2334 2064 2601 2121 moralem
2648 2066 2827 2123 locum
2860 2068 3179 2128 habiturum
3208 2073 3307 2132 ob-

39 2151 168 2206 visus
197 2156 289 2207 est
333 2152 834 2221 Hieronymus.
1713 2156 1960 2225 servant,
2002 2152 2105 2206 etsi
2135 2152 2285 2207 Deus
2312 2152 2449 2207 nihil
2478 2156 2763 2249 conferret·
2776 2157 2991 2224 agendo
3018 2159 3088 2215 ad
3118 2176 3307 2232 peeca-

112 2240 216 2293 57.
259 2238 377 2294 Sed
409 2254 520 2295 non
549 2242 662 2310 est,
704 2254 802 2294 cur
840 2236 911 2293 ad
939 2237 1070 2292 haec
1097 2236 1384 2309 paradoxa
1415 2241 1470 2293 et
1501 2235 1628 2306 reji·
1668 2280 1674 2318 ἶ
1714 2240 1860 2311 tum,
1904 2237 2101 2295 saltem
2140 2238 2273 2297 dum
2302 2240 2677 2315 permitteret,
2728 2259 2825 2299 seu
2852 2258 2965 2301 non
2994 2244 3302 2325 inmediret,

39 2324 214 2381 :ienda
265 2326 681 2399 confugiamus:
773 2324 916 2381 Vera
965 2326 1252 2396 responsio
1290 2330 1402 2397 est,
1452 2327 1627 2380 totam
1711 2340 1836 2381 cum
1870 2329 2069 2399 posset.

39 2412 462 2485 unplitudinem
505 2414 658 2484 regni
709 2412 960 2468 eoelestis
1011 2429 1127 2468 non
1177 2430 1297 2469 esse
1337 2429 1411 2469 ex
1439 2418 1628 2471 nostra

39 2501 346 2572 mgnitione
400 2501 833 2571 aestimandam,
894 2516 1025 2555 nam
1077 2504 1230 2556 tanta
1277 2517 1394 2555 esse
1445 2504 1630 2571 potest

39 2592 322 2644 Jeatorum
353 2605 455 2661 per
493 2588 740 2645 divinam
779 2587 1052 2643 visionem
1102 2588 1311 2661 gloria,
1367 2592 1428 2644 ut
1477 2588 1626 2643 mala

39 2672 424 2732 lamnatorum
447 2676 698 2731 omnium
717 2676 1028 2747 comparari
1049 2674 1172 2731 huic
1197 2677 1346 2732 bono
1369 2692 1482 2731 non
1503 2692 1626 2749 pos-

39 2761 158 2833 int,
195 2766 258 2817 et
305 2762 630 2835 Angelos
659 2764 910 2819 beatos
941 2762 1248 2817 incredibili
1279 2763 1626 2818 multitudine

40 2851 266 2921 ¹gnoscit
292 2849 612 2921 Scriptura3
641 2852 701 2903 et
727 2857 982 2919 magnam
1011 2852 1490 2904 ereaturarum
1521 2865 1626 2903 va·

43 2937 193 2992 ieta
210 2941 356 2990 tem
398 2938 522 3007 ipsa
550 2936 714 2990 nobis
739 2935 918 3006 aperit
948 2940 1171 3007 natura,
1203 2938 1362 2990 novis
1391 2935 1629 2990 inventis

39 3023 330 3096 [lustrata3
397 3022 542 3094 quod
574 3023 734 3094 facit,
788 3026 850 3078 ut
876 3022 1248 3092 commodiuS,
1300 3037 1467 3092 quam
1506 3023 1630 3077 Au-

39 3111 348 3180 ·,ustinus
389 3116 446 3166 et
475 3111 572 3166 alii
601 3114 840 3183 veteres,
869 3109 1090 3182 praeval
1101 3109 1308 3164 entiam
1336 3109 1470 3172 boni
1499 3125 1632 3182 prae

39 3198 160 3254 nalo
192 3198 341 3253 tueri
385 3198 676 3270 possimus.

105 3287 212 3341 58.
246 3285 478 3358 Nempe
514 3285 700 3340 Tellus
731 3287 924 3340 nostra
953 3299 1067 3340 non
1104 3288 1220 3358 est,
1261 3283 1365 3339 nisi
1408 3284 1630 3340 satelles

39 3373 183 3428 mins
197 3373 372 3446 Solis,
401 3376 456 3428 et
467 3375 548 3428 tot
559 3375 687 3427 sunt
703 3373 872 3444 SoleS,
895 3377 1034 3443 quot
1044 3372 1236 3428 stellae
1247 3373 1390 3426 fixae
1405 3392 1420 3444 ς
1443 3376 1497 3428 et
1515 3389 1630 3428 ere·

1803 2414 1905 2469 63.
1957 2412 2063 2468 Sed
2102 2429 2293 2469 revera
2334 2414 2513 2469 Deum
2550 2430 2871 2473 concurrere
2910 2419 3196 2476 moraliter
3245 2427 3304 2480 et

1712 2499 1939 2570 physice
1980 2500 2177 2557 simul:
2216 2501 2347 2573 quia
2386 2518 2497 2557 non
2539 2506 2755 2565 tantum
2782 2519 2897 2557 non
2926 2505 3155 2577 impedit
3184 2526 3305 2581 pec-

1712 2592 1928 2660 canteS,
1996 2589 2091 2645 sed
2156 2588 2327 2645 etiam
2378 2589 2787 2661 quodammodo
2839 2590 3098 2666 adjuvat,
3160 2597 3305 2653 vires

1712 2674 1849 2746 ipsis
1923 2676 2340 2747 occasionesque
2412 2677 2758 2747 praestando.
2862 2678 3023 2735 Unde
3081 2684 3307 2755 phrases

1710 2763 2021 2835 Scripturae
2072 2764 2297 2836 Sacrae,
2350 2764 2499 2834 quod
2541 2764 2689 2819 Deus
2740 2764 2961 2824 induret
3009 2768 3307 2846 incitetun

1713 2850 1911 2906 malos.

1805 2937 1905 2990 64.
1938 2935 2083 2996 Hinc
2113 2935 2337 3007 quidam
2368 2937 2569 2991 inferre
2590 2937 2807 3011 audent,
2839 2940 3015 2996 Deum
3045 2943 3132 2998 vel
3156 2951 3304 3002 ntro-

1713 3037 1821 3094 que
1834 3063 1850 3095 ,
1894 3020 1982 3076 vel
2012 3027 2159 3078 certe
2186 3023 2451 3079 alterutro
2480 3022 2677 3095 modo,
2728 3027 2935 3096 pcccati
2963 3031 3302 3102 complicem,

1715 3111 1889 3165 immo
1916 3113 2199 3165 auctorem
2238 3127 2383 3182 esse3
2420 3115 2584 3181 atque
2610 3110 2750 3168 adeo
2780 3112 3023 3170 divinam
3052 3121 3305 3175 sanctita-

1714 3203 1844 3268 tem,
1870 3195 2161 3271 justitiam,
2196 3197 2499 3254 bonitatem
2528 3201 2796 3259 evertunt.

1807 3286 1908 3341 65.
1974 3285 2088 3343 Alii
2148 3285 2362 3341 malunt
2424 3285 2669 3340 divinam
2732 3286 3173 3348 omniscientiam
3244 3300 3302 3352 et

1713 3373 2171 3444 omnipotentiam
2188 3381 2217 3446 ,⁸
2232 3374 2421 3446 verbo,
2456 3373 2884 3444 magnitudinem
2897 3414 2914 3448 ,
2945 3376 3301 3454 labefactaret,

39 3459 200 3516 dibile
232 3465 340 3532 est,
367 3457 687 3514 maximnm
703 3475 819 3514 esse
843 3459 1082 3532 spatium
1106 3463 1257 3516 trans
1279 3475 1468 3516 omnes
1488 3461 1628 3515 fixas
1665 3442 1670 3482 ¹
1711 3466 1972 3533 tanquam
2013 3466 2110 3518 aut
2150 3460 2384 3517 nesciret
2412 3460 2707 3518 minimeve
2734 3473 2948 3520 curaret
2975 3467 3153 3540 mala,
3208 3475 3303 3526 aut

39 3545 220 3618 ltaque
259 3547 413 3602 nihil·
437 3547 725 3618 prohibet,
759 3547 844 3601 vel
874 3547 1028 3604 Soles
1059 3549 1144 3604 vel
1174 3548 1418 3602 maxime
1449 3548 1626 3618 regio-
1711 3549 1984 3603 malorum
2007 3549 2239 3604 torrenti
2268 3547 2531 3604 obsistere
2561 3565 2674 3604 non
2703 3555 2903 3623 posset.
2992 3554 3145 3616 Quae
3173 3556 3302 3628 Epi·

39 3649 155 3690 nem
188 3639 348 3690 trans
381 3635 547 3707 Soles,
578 3633 813 3690 habitari
844 3635 1093 3689 felicibus
1120 3634 1396 3691 creaturis·
1443 3637 1628 3699 Quan-
1663 3663 1668 3755 Ι
1709 3651 2031 3706 cursorum,
2093 3634 2634 3708 Manichaeorumve,
2700 3637 2968 3694 sententia
3019 3640 3149 3694 suit:
3212 3645 3301 3698 cui

39 3735 194 3790 quam
236 3725 296 3778 et
327 3721 588 3778 Planetae
625 3737 743 3776 esse
773 3723 1012 3794 possint,
1046 3728 1142 3778 aut
1172 3723 1318 3796 fieri,
1356 3721 1425 3777 ad
1455 3724 1629 3778 instar
1711 3727 2001 3792 cognatum
2031 3721 2267 3794 aliquid,
2320 3722 2423 3778 etsi
2464 3722 2575 3778 alio
2606 3724 2826 3780 mitiore
2856 3724 3053 3798 mode,
3106 3725 3305 3784 docent

39 3807 308 3882 Paradisi,
367 3810 566 3866 felices·
655 3808 723 3864 ln
775 3810 943 3864 domo
983 3809 1161 3865 Patris
1203 3810 1380 3865 nostri
1423 3811 1628 3866 multas
1711 3809 2020 3881 Sociniani,
2063 3809 2155 3880 qui
2200 3813 2345 3864 recte
2384 3808 2607 3879 quidem
2636 3827 2824 3866 cavere
2855 3812 3077 3886 volunt,
3120 3831 3190 3870 ne
3218 3815 3302 3870 di-

41 3909 150 3950 aese
181 3897 518 3968 mansiones,
551 3895 618 3950 dc
647 3898 802 3953 coelo
833 3896 1120 3953 beatorum
1145 3897 1366 3969 proprie
1387 3897 1628 3954 Clu-istus
1711 3898 1900 3953 vinam
1929 3897 2284 3952 Sanctitatem
2337 3895 2619 3970 polluant,
2670 3897 2767 3952 sed
2818 3914 2931 3954 non
2973 3903 3121 3956 recte
3160 3903 3303 3959 alias

43 3980 176 4038 dixit
193 4023 210 4055 ,
265 3985 418 4056 quod
450 3983 788 4056 Empyreum
841 3989 1040 4040 vocant
1077 3983 1343 4054 Theologi
1383 3986 1626 4056 quidam,
1660 3954 1666 4045 ,Ι
1712 3986 1815 4040 Dei
1842 3985 2200 4056 perfectiones
2229 3982 2501 4042 deserunt.
2800 4009 2805 4014 ·

45 4076 93 4122 vt
123 4074 271 4126 trans
301 4071 506 4143 sidera,
539 4087 635 4126 seu
667 4073 810 4128 soles
822 4111 838 4142 ‚
870 4072 1158 4144 collocant,
1191 4071 1292 4126 etsi
1323 4073 1461 4126 nihil
1490 4073 1628 4128 certi
1659 4050 1666 4178 ῑ
1814 4073 1920 4128 66.
1996 4071 2075 4126 Ut
2134 4071 2371 4143 primum
2442 4069 2513 4125 ad
2586 4070 3007 4130 Concursum
3077 4073 3301 4135 Mora·

45 4155 104 4210 de
143 4158 262 4214 loco
305 4159 606 4238 beatoruiq
636 4159 912 4214 adfirmari
955 4159 1166 4230 possit,
1215 4159 1442 4214 interim
1475 4163 1532 4215 et
1569 4160 1628 4216 in
1661 4185 1665 4196 ·
1711 4161 1850 4215 lem
1907 4158 2399 4232 permittentis
2458 4157 2914 4233 respondeamus,
2966 4179 3301 4236 prosequen-

47 4246 318 4313 spectabili
365 4245 574 4300 mundo
616 4247 818 4301 multas
866 4251 1236 4301 creaturarum
1276 4247 1628 4303 rationalium
1661 4214 1666 4296 ἶ
1712 4247 1846 4302 dum
1869 4251 1971 4319 est,
1994 4245 2139 4317 quod
2162 4261 2330 4318 supra
2354 4245 2533 4300 dicere
2550 4245 2849 4317 coepimus,
2882 4250 3299 4321 permissionem

45 4327 404 4390 habitationes
445 4349 565 4388 esse
607 4333 903 4390 verisimile
936 4331 1173 4402 judicari
1224 4337 1434 4412 potest,
1487 4335 1628 4390 alias
1661 4305 1670 4377 Ι,
1713 4335 1921 4407 peccati
1971 4350 2091 4387 esse
2140 4332 2377 4404 licitam,
2432 4331 2570 4398 (seu
2622 4335 2901 4392 moraliter
2939 4337 3300 4412 possibilem)

45 4416 154 4472 aliis
181 4421 474 4478 feliciores.
1711 4439 1838 4478 cum
1880 4423 2068 4478 debita
2120 4421 2249 4489 (seu
2290 4419 2574 4475 moraliter
2602 4415 2947 4498 necessaria)
2992 4425 3297 4485 invenitur:

127 4505 221 4560 59.
253 4508 456 4578 Imque
485 4512 868 4578 argumentum
897 4526 930 4563 a
961 4507 1312 4563 multitudine
1341 4509 1630 4564 damnato·
1713 4510 1921 4566 scilicet
1946 4524 2072 4564 cum
2102 4523 2213 4563 non
2242 4511 2423 4578 potest
2461 4510 2741 4578 peccatum
2770 4509 3013 4566 alienum
3044 4512 3299 4586 impediri

48 4603 158 4644 rum
210 4609 324 4650 non
365 4597 452 4650 est
485 4593 802 4666 fundatum,
854 4595 964 4650 nisi
991 4595 1049 4649 in
1077 4595 1389 4664 ignorantia
1418 4601 1626 4669 nostra,
1711 4597 1830 4652 sine
1881 4595 2101 4669 propria
2142 4594 2379 4666 offensa,
2420 4593 2485 4648 id
2521 4597 2629 4665 est,
2672 4595 2793 4650 sine
2834 4598 3133 4656 violatione
3160 4603 3299 4678 ejus,

49 4689 246 4750 unaque
272 4682 632 4754 responsione
659 4681 1007 4753 dissolvitur,
1049 4697 1215 4752 quam
1257 4700 1422 4757 supra
1451 4685 1629 4741 innui·
1710 4683 1857 4756 quod
1888 4684 2009 4755 quis
2048 4683 2200 4753 aliis,
2245 4682 2337 4737 vel
2365 4680 2501 4754 sibi,
2545 4679 2728 4737 debet.
2820 4684 3075 4756 Exempli
3101 4689 3297 4762 gratia,

51 4775 188 4838 muse,
237 4770 286 4824 si
322 4768 514 4824 omnia
565 4768 728 4825 nobis
763 4773 1048 4842 perspecta
1087 4770 1302 4844 forent,
1349 4770 1626 4842 adparitu-
1709 4771 1870 4828 miles
1900 4771 1957 4828 in
1986 4770 2221 4826 statione
2248 4771 2489 4842 locatus,
2532 4771 2779 4840 tempore
2808 4765 3124 4842 praesertim
3156 4775 3295 4844 peri.

57 4862 190 4924 mm,
233 4871 300 4912 ne
329 4855 513 4930 optari
543 4857 763 4928 quidem
793 4873 952 4930 posse
982 4856 1239 4930 meliora,
1280 4874 1447 4930 quam
1488 4873 1627 4929 quae
1709 4859 1925 4932 culoso,
1956 4858 2028 4913 ab
2059 4873 2125 4911 ea
2156 4856 2415 4912 decedere
2442 4872 2556 4912 non
2588 4855 2779 4928 debet,
2808 4859 2869 4910 ut
2898 4856 3038 4913 duos
3066 4860 3294 4932 amicos,

57 4935 171 4994 fecit
197 4942 359 4999 Deus.
451 4943 666 5000 Poenae
706 4946 874 5001 otiam
916 4945 1304 5002 damnatorum
1341 4945 1416 5000 ob
1444 4961 1623 5017 perse·
1707 4946 1849 5001 inter
1900 4961 1959 5001 se
2008 4943 2250 5000 duellum
2301 4947 2555 5016 parantes
2578 4981 2595 5014 ,
2646 4961 2682 4998 a
2721 4943 3017 5013 pugnando
3066 4950 3293 5002 avertat.

57 5032 318 5085 verantem
343 5045 540 5088 eorum
578 5034 847 5089 malitiam
890 5037 1272 5106 perseverant,
1311 5033 1455 5088 unde
1495 5033 1626 5088 insi-
1709 5033 1852 5089 Add.
1896 5047 2060 5103 supra
2102 5027 2155 5096 ἓ.
2198 5031 2298 5088 36.
2390 5029 2595 5086 Deberi
2647 5033 2835 5084 autem
2874 5029 3083 5102 aliquid
3144 5033 3295 5103 apud

57 5109 166 5176 gnis
189 5114 528 5194 Theologns,
553 5119 589 5176 J
597 5137 651 5178 o.
684 5119 1040 5198 Fechtius,
1093 5122 1154 5180 in
1181 5121 1418 5194 eleganti
1455 5119 1626 5180 Libro
1707 5121 1891 5180 Deum
1922 5117 2279 5194 intelligimus
2318 5133 2431 5180 non
2478 5117 2719 5178 humano
2768 5131 2952 5192 more,
3006 5117 3107 5174 sed
3158 5107 3298 5182 &⁸04

1666 3330 1672 3395 f
