3717 5850
1127 356 1317 415 Lvm.
1406 356 1696 415 Lm'ntE
1737 358 1794 415 A
1836 358 1955 415 Mil.
2011 358 2269 417 BAYLE.

125 507 196 562 des
221 501 440 556 vitm.
521 498 600 555 Οι·
626 496 670 554 ii
697 514 758 554 se
785 501 980 555 trouve
1005 497 1060 555 le
1087 499 1212 573 plus
1239 499 1656 557 heureusement

123 596 178 650 (Ιιι
199 589 395 661 monde,
425 602 532 660 que
558 587 676 643 cela
703 580 978 643 s’aocorde
1015 604 1148 643 avec
1177 604 1310 643 mon
1353 589 1552 645 estimo
1579 589 1650 645 de

123 684 162 738 la
184 683 324 751 soree,
353 676 488 733 tiree
514 675 625 732 soit
662 675 760 733 des
801 674 1152 749 experiences
1193 676 1307 733 soit
1343 678 1420 735 (111
1457 676 1650 738 fonde-

121 772 238 827 ment
261 767 323 823 de
346 764 650 822 I'evitation
679 764 756 821 du
783 770 1134 822 mouvement
1161 764 1441 839 perpetuet
1471 765 1647 823 meca-

3206 359 3337 428 193

1755 504 2009 575 trement,
2064 517 2137 557 ne
2178 502 2233 558 ie
2285 502 2512 559 voulant
2559 518 2659 577 pas
2695 504 2993 577 prostituer
3026 505 3223 581 aupres
3260 514 3333 571 (16

1751 605 1911 662 ceux,
1947 590 2043 664 qui
2070 591 2229 646 n'ont
2256 590 2415 668 point
2452 591 2521 647 (16
2549 597 2683 664 gout
2701 610 2841 667 pour
2866 595 2945 650 les
2972 597 3196 669 pensem
3230 602 3329 659 ab·

1749 678 1980 735 sti-sites.
2068 678 2137 736 Je
2166 694 2239 736 116
2278 679 2429 752 peric
2466 696 2567 754 pas
2596 680 2668 737 ici
2698 682 2792 737 cles
2829 684 3003 740 forces
3032 691 3087 742 et
3116 687 3328 747 actions

1745 767 2073 841 respectives
2096 768 2191 841 qui
2224 784 2284 823 se
2316 773 2638 825 conservent
2666 769 2811 825 aussi
2833 776 2889 827 et
2916 775 3015 828 ont
3032 776 3177 833 leurs
3197 780 3327 836 esti-

121 861 260 931 nique.
349 855 452 911 Car
503 854 660 911 selon
709 870 846 910 mon
905 854 1102 911 estime
1161 853 1242 913 les
1294 857 1470 912 forces
1517 858 1646 913 sont
1745 870 1865 913 mes
1889 854 2086 931 apart-
2118 861 2175 913 et
2186 857 2227 916 11
2246 872 2285 927 y
2304 872 2339 913 a
2358 857 2493 913 bien
2512 850 2567 913 (1’
2569 862 2755 914 autres
2772 856 2995 945 egaiites
3014 879 3086 919 ou
3106 882 3325 925 conser-

120 962 288 1005 eomme
321 944 396 999 les
433 943 690 999 hauteurs
730 943 867 999 dont
911 942 992 999 les
1033 960 1193 1017 corps
1235 949 1460 1017 pesants
1507 960 1645 1017 pou-

121 1036 266 1091 161661
298 1032 586 1089 descendi-e
619 1048 761 1105 pour
807 1030 1056 1103 aequet-ir
1093 1050 1182 1089 coe
1229 1032 1470 1089 vitesses.
1569 1034 1643 1090 Et

119 1138 286 1181 comme
319 1122 360 1176 11
395 1138 456 1176 66
495 1135 756 1178 conserve
797 1119 1048 1189 touiours
1095 1122 1152 1177 la
1194 1122 1342 1177 force
1382 1138 1526 1196 pour
1558 1138 1643 1178 re-

119 1216 288 1269 monter
331 1226 400 1265 en
447 1226 664 1266 somme
691 1206 726 1265 a
753 1210 810 1266 la
859 1210 1044 1265 meme
1089 1209 1334 1283 hauteur,
1378 1226 1452 1267 ou
1502 1206 1644 1283 pour

119 1302 218 1358 taire
251 1300 470 1371 quelque
497 1303 654 1355 autre
693 1298 852 1371 effet,
895 1297 940 1354 il
977 1290 1223 1371 s'ensuit‚
1262 1290 1398 1371 qu'il
1426 1316 1488 1355 se
1513 1314 1642 1355 con-

118 1406 232 1447 serve
263 1386 402 1443 aussi
437 1387 496 1442 ia
533 1389 716 1444 meme
755 1384 1004 1459 quantite
1051 1388 1120 1443 de
1156 1376 1374 1443 l'action
1413 1388 1644 1452 metrice

117 1480 216 1535 dans
246 1476 296 1531 le
331 1476 562 1547 monde-5
605 1464 763 1532 c'est-
777 1472 999 1549 a·dire,
1039 1492 1180 1549 pour
1218 1475 1272 1531 16
1313 1476 1442 1533 bien
1483 1492 1645 1549 pren-

117 1568 199 1639 dre,
219 1580 312 1638 que
337 1564 472 1620 dans
499 1580 614 1621 une
641 1564 805 1621 heure
831 1564 874 1620 il
903 1580 942 1635 y
969 1580 1008 1619 a
1034 1568 1231 1621 autaut
1252 1557 1495 1622 ‹l'action
1523 1580 1644 1621 mo·-

117 1656 214 1712 trice
236 1655 359 1710 dans
385 1647 646 1709 l’univers
659 1692 675 1725 ,
715 1645 852 1727 qu'il
881 1670 920 1724 y
949 1668 1020 1709 en
1049 1669 1084 1709 a
1115 1671 1188 1710 en
1222 1653 1454 1727 quelque
1485 1658 1644 1710 autre

117 1745 238 1801 heure
281 1758 379 1815 que
427 1759 490 1798 ce
541 1742 670 1798 soit.
757 1742 902 1797 Mais
939 1743 1079 1800 dans
1107 1742 1160 1798 le
1189 1747 1437 1799 moment
1464 1742 1643 1800 meme

117 1835 210 1889 e'oet
229 1832 276 1887 la
303 1832 478 1887 meme
503 1829 755 1902 quantit&
783 1831 854 1888 de
881 1833 938 1888 la
967 1833 1113 1887 force
1151 1831 1248 1903 qui
1275 1848 1336 1889 se
1361 1848 1640 1889 conserve.

117 1922 166 1977 Et
185 1936 240 1976 en
263 1920 384 1975 effet
409 1912 634 1975 l’action
664 1908 801 1976 n'aet
825 1924 983 1977 autre
1010 1920 1188 1994 611666,
1221 1934 1328 1992 que
1353 1920 1641 1978 l'exercioe

119 2012 164 2066 aie
185 2011 228 2065 la
248 2011 408 2082 soree,
452 2011 512 2065 et
550 2009 767 2065 revient
801 2024 874 2065 au
917 2008 1140 2082 produit
1179 2008 1252 2064 de
1277 2010 1336 2065 la
1363 2012 1510 2068 16166
1537 2026 1640 2083 par

115 2100 150 2157 le
179 2104 309 2153 tems
389 2097 556 2153 Ainsi
597 2099 654 2155 le
693 2097 912 2154 ‹lessein
947 2098 1020 2155 (16
1055 2114 1160 2154 1166
1190 2097 1554 2172 philosophus,
1581 2102 1640 2156 et

62 2222 64 2247 ς
113 2184 552 2261 perticulierement
591 2186 662 2243 de
701 2189 792 2243 i'eu
830 2186 938 2241 Mr.
978 2186 1295 2259 namtas,
1324 2203 1361 2243 a
1395 2186 1486 2245 ete
1524 2187 1640 2244 bon

62 2306 64 2335 ε
114 2277 164 2332 de
181 2292 441 2331 conserver
469 2276 700 2333 i'action
728 2279 787 2332 et
813 2265 1094 2333 d’estimer
1125 2275 1181 2332 la
1210 2277 1358 2333 force
1385 2293 1488 2350 par
1513 2267 1638 2334 l’ac-

115 2366 224 2436 tion,
259 2363 384 2421 mais
410 2364 482 2421 ils
509 2370 616 2421 ont
643 2364 756 2438 pris
785 2378 862 2419 un
891 2364 988 2436 qui
1015 2381 1118 2437 pro
1145 2380 1274 2437 quo,
1305 2380 1377 2421 en
1406 2370 1640 2439 premnt

113 2471 156 2508 ee
175 2470 242 2525 qu
233 2454 312 2509 ils
337 2453 616 2525 appellent
645 2454 700 2510 la
725 2452 978 2526 quantite
1003 2454 1081 2510 du
1109 2460 1462 2511 mouvement
1497 2472 1638 2529 pour
1685 2507 1690 2524 ,

113 2543 150 2599 Ιι
169 2540 384 2613 quantite
407 2542 477 2597 de
507 2535 740 2599 l’aetion
769 2540 1012 2597 mon-icc.
1101 2542 1149 2599 ll
1189 2535 1245 2597 n’
1251 2558 1288 2611 y
1325 2559 1363 2599 a
1389 2560 1498 2616 que
1525 2529 1692 2601 tres

62 2621 1186 2705 ÷peudepersonnesaqm3mta1tpan
1227 2631 1300 2689 (16
1337 2636 1638 2691 ceraison·

1743 945 1965 1009 satiens
1998 944 2416 1018 merveilleuses‚
2450 936 2546 1019 qui
2568 952 2859 1020 marquent
2879 964 2993 1005 non
3020 956 3323 1014 seulement

1740 1035 1798 1090 la
1825 1038 2119 1091 constance
2146 1034 2289 1091 mais
2316 1035 2461 1091 aussi
2492 1036 2548 1091 la
2578 1036 2879 1108 per-fection
2908 1031 3015 1095 del’
3016 1046 3224 1100 auteur.

1831 1113 1971 1179 C’est
2008 1140 2139 1179 avec
2178 1123 2381 1195 grande
2420 1123 2634 1197 raison,
2676 1116 2767 1197 qu’
2768 1141 2844 1180 on
2881 1126 3117 1203 admire,
3159 1133 3321 1191 Mon-

1703 1204 1712 1213 '
1743 1210 1915 1285 sieur,
1954 1228 2061 1286 que
2103 1212 2183 1268 les
2222 1212 2525 1268 recherches
2565 1212 2859 1269 immenses
2908 1214 2977 1271 (16
3016 1218 3173 1292 saitS,
3214 1236 3321 1294 que

1741 1316 1881 1356 vous
1908 1317 2042 1357 avez
2072 1300 2247 1373 faites,
2276 1291 2431 1357 n’ont
2458 1300 2618 1374 point
2648 1302 2753 1357 fait
2780 1303 2850 1359 de
2878 1306 2991 1360 tort
3018 1302 3053 1360 a
3083 1323 3179 1363 vos
3206 1310 3323 1366 bel-

1743 1388 1824 1445 len
1862 1386 2156 1446 reflexione
2196 1404 2289 1444 sur
2316 1406 2378 1445 66
2406 1404 2480 1462 qu
2476 1378 2535 1445 11
2576 1406 2617 1459 y
2642 1406 2678 1445 a
2706 1390 2777 1446 (16
2814 1391 2938 1464 plus
2976 1396 3213 1467 profond
3250 1398 3323 1456 tle

1747 1477 1800 1533 la
1821 1476 2177 1551 philosophie.
2262 1478 2333 1535 Je
2357 1494 2430 1535 ne
2455 1478 2581 1552 puis
2619 1494 2718 1551 pas
2746 1480 2891 1535 aussi
2919 1496 3011 1537 me
3038 1482 3322 1558 dispenser

1743 1565 1995 1636 touiours
2046 1567 2116 1623 de
2162 1584 2251 1623 ces
2299 1570 2473 1623 sortes
2524 1566 2593 1623 (16
2630 1568 2979 1643 discussions,
3020 1579 3193 1642 ayant
3232 1574 3321 1633 616

1744 1653 1925 1710 meme
1963 1653 2145 1727 oblige
2186 1654 2254 1710 de
2294 1654 2449 1711 venir
2488 1652 2523 1710 a
2555 1655 2651 1711 des
2692 1658 2969 1727 questions
3014 1659 3321 1738 genealogi-

1741 1759 1893 1816 ques,
1936 1742 2034 1815 qui
2072 1743 2311 1799 seroient
2353 1744 2422 1799 de
2458 1743 2580 1816 plus
2624 1744 2864 1819 ffivoles,
2898 1746 2947 1803 si
2978 1749 3055 1803 les
3094 1749 3321 1811 interets

1742 1832 1839 1889 den
1890 1829 2031 1887 etate
2084 1823 2209 1887 n’en
2260 1830 2625 1905 depentloient
2671 1839 2918 1891 souvent.
3004 1837 3115 1893 J'ai
3164 1858 3319 1899 assez

1741 1918 1989 1977 travaille
2034 1916 2069 1976 a
2109 1912 2373 1977 l'histoire
2410 1912 2791 1994 ‹l’Allemagne
2828 1928 3021 1981 autaut
3058 1920 3255 1999 qu’eIIe
3282 1946 3320 1988 a

1737 2012 1967 2082 rapport
2008 2006 2043 2065 a
2079 2026 2169 2065 ces
2210 2026 2347 2082 pays
2396 2010 2477 2083 ci,
2516 2024 2581 2065 66
2618 2011 2717 2083 qui
2754 2002 2868 2067 m’a
2904 2014 3087 2071 meme
3136 2019 3320 2075 sourni

1738 2098 2005 2172 quelques
2062 2098 2443 2155 observatione
2496 2103 2918 2171 appartenentes
2968 2099 3003 2157 ὲ
3052 2103 3321 2165 l'histoire

1737 2186 2079 2245 uniret-selle.
2163 2186 2330 2243 Ainsi
2358 2178 2464 2258 j’ai
2500 2187 2689 2261 appris
2717 2185 2753 2244 a
2779 2202 2852 2244 ne
2895 2190 3054 2263 point
3078 2192 3324 2269 negliga-

1737 2278 1794 2334 la
1820 2276 2214 2333 connoissance
2242 2276 2340 2333 des
2370 2277 2513 2333 faits.
2578 2276 2723 2333 Mais
2749 2276 2796 2335 si
2818 2270 3025 2349 j’avois
3053 2281 3107 2337 16
3136 2284 3319 2358 choix,

1731 2364 1794 2433 je
1819 2363 2143 2438 prefer-ereis
2170 2366 2433 2422 l'histoire
2469 2366 2739 2423 naturelle
2776 2362 2811 2423 ὲ
2848 2368 2905 2423 la
2940 2368 3103 2427 civile
3142 2376 3202 2429 et
3236 2373 3320 2430 les

1737 2458 2018 2511 coutumes
2046 2460 2104 2513 et
2130 2454 2267 2525 loix,
2311 2470 2419 2527 que
2460 2453 2603 2510 Dieu
2630 2470 2665 2510 a
2694 2452 2925 2513 etablies
2964 2457 3103 2515 dans
3137 2461 3195 2519 la
3221 2478 3321 2521 na·

1739 2546 1879 2616 ture,
1912 2540 1948 2598 ὲ
1972 2560 2037 2598 66
2065 2540 2173 2616 qui*
2190 2537 2467 2623 s’observe
2492 2542 2673 2617 parmi
2699 2544 2780 2600 les
2798 2544 3061 2605 hommes.
3114 2549 3185 2607 Je
3202 2550 3319 2609 suis

1737 2648 1871 2689 avec
1899 2631 2183 2707 beaucoup
2210 2632 2281 2689 tle
2306 2625 2423 2711 zele
2450 2636 2507 2688 et
2533 2624 2899 2707 d’obligation
2924 2638 3025 2693 etc.

116 2915 258 2972 „ninus
289 2916 444 2971 priore
479 2922 532 2963 et
579 2916 745 2970 mnus
775 2914 1056 2971 posteriore
1099 2927 1276 2972 nempe
1313 2916 1384 2974 B,
1423 2916 1483 2964 fa
1495 2929 1560 2964 ee
1573 2929 1637 2964 re
1683 2908 1688 2962 2
1740 2926 1893 2978 „esse
1928 2916 2253 2971 quadruplam
2298 2922 2349 2962 et
2380 2920 2545 2962 tamon
2580 2916 2663 2972 aio
2716 2918 2961 2964 actionem
3012 2925 3201 2968 tantum
3234 2925 3318 2972 iiie

62 2979 64 3050 ζ
119 2989 337 3042 „duplum
379 2993 664 3042 ternpore
710 2988 924 3044 duplo,
972 2999 1185 3042 eumque
1229 2987 1637 3035 manifestissime
1685 3015 1688 3048 ,
1737 2998 1893 3047 „esse
1928 2988 2145 3042 duplam.
2216 2989 2357 3042 Quod
2399 2989 2723 3034 Paradoxon
2756 2989 2829 3034 lta
2864 2992 3095 3036 ostendo.
3138 3001 3317 3049 nempe

120 3055 218 3112 „(ex
243 3066 404 3104 natura
437 3058 752 3113 repetitionis
786 3055 1066 3112 perfectae)
1115 3059 1180 3108 sit
1226 3059 1267 3104 B
1313 3059 1514 3114 duplum
1556 3061 1636 3115 ip-

62 3123 224 3188 ξ,,.ι1ιιι
263 3130 310 3185 C,
353 3131 581 3184 sequitur
625 3129 1008 3174 demonstrative
1054 3129 1101 3175 A
1148 3141 1264 3174 esse
1319 3132 1432 3184 plus
1487 3141 1638 3184 quam
1738 3129 2158 3190 „monstravimus
2212 3141 2278 3175 ex
2334 3133 2427 3176 1166
2478 3129 2588 3183 ipso
2642 3121 2860 3188 nostro),
2914 3131 3003 3177 sed
3050 3134 3180 3178 actio
3234 3143 3314 3180 est

62 3193 64 3222 ;
119 3199 294 3252 „duplum
323 3201 478 3254 ipsius
519 3201 578 3246 (ἲ.
617 3199 929 3253 comparatio
963 3198 1115 3254 igitur
1147 3199 1340 3246 interA
1363 3205 1412 3246 et
1447 3201 1486 3248 c
1521 3209 1636 3256 pot-

62 3291 64 3294 >
117 3275 198 3324 „est
231 3271 397 3316 resolvi
440 3271 658 3318 ulterius
703 3281 794 3325 per
833 3271 1258 3328 interpositionem
1301 3273 1637 3327 comparatio·

62 3389 64 3392 ,
117 3341 198 3394 „nis
223 3341 550 3397 simplicioris,
589 3342 894 3397 conparatio
915 3353 1035 3388 vero
1071 3342 1200 3388 inter
1234 3342 1281 3388 A
1319 3349 1368 3388 et
1403 3343 1446 3388 B
1479 3343 1636 3388 inter·

117 3412 340 3501 „positione
369 3412 690 3469 simplicioris
732 3413 920 3458 resolvi
965 3425 1064 3460 non
1099 3418 1282 3472 potest,
1327 3415 1416 3459 sed
1463 3415 1635 3470 primi-

115 3481 217 3538 „tiva
244 3490 308 3528 est

62 3609 64 3614 .
163 3553 349 3607 Denique
381 3557 425 3600 (1.
462 3556 508 3601 d.
550 3557 665 3601 Jun.
707 3553 860 3600 ¹696.
896 3553 1054 3598 eidem
1101 3554 1172 3600 i·a
1217 3555 1413 3600 scribit:

62 4583 64 4600 =
122 4543 562 4602 ,1166160116166
598 4555 762 4595 tamen
797 4547 1006 4604 pretium
1042 4553 1136 4606 est,

62 4623 64 4652 Ξ
123 4623 256 4668 sinn
288 4617 430 4665 alieni
477 4630 740 4666 occurrere
783 4629 934 4674 posse
979 4617 1156 4673 optimr
1199 4623 1366 4678 notas,
1403 4619 1635 4664 resolva-

62 4811 64 4878 [
123 4827 212 4876 ..etio
243 4830 307 4876 ita
337 4835 506 4878 nabet·
493 4866 506 4878 .

208 3656 221 3668 .
249 3655 262 3669 .
291 3629 388 3682 „te
421 3627 564 3684 lpse,
605 3627 736 3680 qued
769 3627 913 3671 nulla
947 3624 1162 3678 amplius
1199 3625 1344 3671 datur
1378 3627 1635 3686 resolutio,

62 3669 64 3672 ,
119 3705 212 3750 ,,6611
241 3699 350 3749 qaod
381 3699 503 3744 nihil
539 3697 750 3744 medium
785 3696 1032 3750 interponi
1066 3701 1232 3750 potest
1263 3697 1392 3742 inter
1425 3698 1476 3744 A
1505 3704 1554 3742 et
1574 3699 1634 3758 B,

120 3773 186 3820 „ut
211 3767 246 3810 B
273 3767 604 3822 interpositum
637 3768 800 3814 fuerat
835 3768 963 3813 inter
995 3767 1044 3812 A
1073 3773 1120 3812 et
1151 3766 1206 3824 C,
1242 3767 1377 3813 aliud
1414 3768 1510 3814 dici
1541 3781 1636 3814 116-

120 3836 378 3889 „quitquam
413 3839 642 3886 actiones
677 3849 793 3884 esse
843 3843 895 3882 ut
934 3837 1238 3895 celeritates,
1293 3838 1340 3883 A
1387 3845 1494 3884 erat
1537 3839 1635 3886 fa-

121 3918 268 3960 „cere
293 3911 522 3964 duplum
560 3915 837 3963 tempore
873 3907 1121 3966 simplo,
1168 3907 1236 3952 B:
1275 3909 1484 3954 iacere
1523 3910 1632 3956 du-

123 3979 276 4030 „plrm
301 3985 564 4036 tenpore
611 3982 824 4038 duplo,
883 3985 936 4024 et
971 3981 1036 4025 ct
1089 3980 1302 4025 faeere
1356 3980 1635 4035 simplum

120 4053 366 4104 „tempore
401 4053 644 4108 simplo.
713 4055 890 4106 ltaque
925 4050 1056 4096 actio
1091 4051 1142 4097 A
1179 4056 1256 4095 est
1289 4052 1450 4106 maior
1485 4062 1635 4106 quam

120 4120 244 4172 „aetio
273 4122 322 4179 Β,
357 4129 402 4168 et
437 4123 638 4178 quidem
671 4123 766 4182 lta,
802 4128 858 4169 ut
893 4126 1090 4168 crescat
1126 4121 1256 4168 actio
1290 4128 1521 4171 manente
1556 4122 1634 4168 ei*-

121 4189 244 4242 „leetu
293 4199 336 4237 et
383 4199 605 4249 tempore
659 4194 989 4240 decrescente.
1082 4194 1253 4245 itaque
1311 4205 1378 4239 ex
1425 4205 1483 4238 eo
1521 4195 1632 4249 ipso

119 4261 242 4316 ,guod
285 4265 462 4311 nulium
515 4271 598 4312 est
647 4264 939 4320 principium
993 4263 1181 4316 aliquid
1225 4265 1358 4309 ultra
1402 4264 1632 4309 determi-

62 4371 64 4378 .
119 4333 258 4383 „nandi
301 4337 536 4394 sequitur,
574 4335 800 4382 actiones
845 4345 963 4381 esse
1008 4335 1264 4389 reciproce
1307 4339 1363 4382 ut
1397 4339 1634 4389 tempora.

119 4403 334 4457 „Nimirum
378 4408 660 4462 ubieunque
709 4409 850 4454 nulla
893 4406 1100 4461 reperiri
1141 4410 1310 4460 potest
1351 4406 1479 4451 ratio
1515 4418 1633 4461 pro·

121 4475 338 4524 „nunionis
391 4479 716 4538 compositae,
767 4489 976 4524 necesse
1030 4479 1108 4522 est
1159 4476 1430 4532 simplicem
1473 4480 1636 4523 iocum

1185 4551 1238 4593 ut
1284 4547 1491 4601 objectio
1531 4553 1633 4606 tua,

123 4689 210 4742 κίιιι,
243 4699 332 4741 qno
365 4692 494 4737 taeta
529 4693 692 4746 maior
722 4683 920 4748 (erede)
941 4692 1034 4736 iux
1069 4689 1380 4750 accedetur,
1417 4699 1636 4745 appare-

123 4755 274 4810 litque
303 4761 560 4810 discrimen
593 4763 720 4808 inter
755 4761 1026 4816 potentiam
1059 4765 1110 4806 et
1153 4761 1413 4807 actionem.
1485 4762 1636 4816 onie-

62 4885 64 4892 ,
540 4833 590 4880 A
625 4839 842 4888 tempore
879 4832 1058 4887 simplo
1092 4832 1220 4878 idem
1257 4831 1380 4878 facit
1424 4832 1558 4886 quod
1593 4829 1635 4876 B

62 4897 65 4932 ἓ
123 4903 323 4954 „tempore
356 4903 520 4960 duplo,
560 4915 677 4958 ergo
712 4905 759 4950 A
811 4907 888 4950 est
930 4902 1077 4958 duplo
1123 4902 1349 4949 velocius
1395 4911 1544 4955 quam
1577 4901 1637 4948 Β.

123 4967 245 5023 ‚ltro
275 4971 486 5026 potentia
519 4975 678 5029 ipsius
714 4976 761 5022 A
797 4979 876 5020 est
909 4974 1190 5029 quadrupla
1223 4974 1473 5028 potentiae
1492 4973 1549 5019 B.
1569 4993 1636 5005 -

121 5036 394 5096 ’,1101666666
429 5046 739 5092 suadendo
788 5049 944 5092 totum
977 5049 1338 5103 argumentum,
1371 5045 1640 5101 potentiam

1739 3059 1995 3118 „potentia
2030 3059 2557 3113 ipsiusAquadrupla
2591 3064 2667 3105 est
2709 3051 2828 3116 (1166
2860 3060 3023 3116 ipsum
3059 3063 3186 3108 enim
3222 3064 3313 3110 de-

1741 3205 1965 3260 „tantum
2018 3201 2186 3259 dupla,
2241 3199 2359 3253 quia
2412 3199 2540 3244 aetio
2592 3205 2672 3244 est
2715 3199 2767 3244 in
2810 3202 3005 3246 ratione
3040 3205 3316 3258 composita

1739 3271 2025 3330 „potentiae
2058 3281 2191 3324 qnae
2234 3277 2522 3327 exercetur,
2562 3275 2611 3315 et
2656 3273 2891 3326 temporis
2934 3273 2987 3318 in
3024 3283 3121 3327 quo
3158 3283 3311 3321 exer-

1739 3347 1941 3401 „cetnr3
2003 3343 2175 3396 itaque
2238 3343 2459 3398 potentia
2507 3341 2673 3394 ipsius
2736 3341 2785 3388 A
2846 3345 3126 3400 quadrupla
3186 3347 3309 3394 sim-

1738 3416 1857 3474 „plo
1925 3419 2144 3469 tempore
2199 3412 2424 3459 exercita
2486 3413 2569 3457 dat
2625 3413 2869 3460 actionem
2935 3415 3134 3470 duplam
3200 3419 3311 3471 ejus

1739 3495 1927 3543 „Quam
1974 3485 2056 3530 dat
2099 3485 2317 3538 potentia
2360 3483 2521 3538 ipsius
2568 3483 2609 3528 B
2648 3484 2828 3538 simpla
2862 3487 3089 3532 exercita
3120 3492 3311 3542 tempo-

1740 3565 1830 3614 „re
1887 3556 2034 3610 dupio
2092 3560 2141 3599 et
2195 3555 2520 3609 quadruplam
2578 3557 2688 3609 ejus
2752 3567 2898 3608 quam
2954 3557 3039 3601 dat
3090 3559 3313 3612 potentia

1737 3625 1935 3684 „ipsius
1995 3626 2033 3672 G
2096 3626 2279 3679 simpla
2334 3626 2558 3670 exercita
2614 3631 2835 3680 tempore
2892 3626 3083 3681 simplo.
3162 3629 3313 3675 selli-

1740 3701 1854 3754 „cet
1910 3697 1961 3742 in
2007 3695 2082 3753 A,
2137 3696 2359 3750 potentia
2392 3696 2443 3753 4,
2504 3701 2697 3751 tempus
2745 3699 2791 3752 1,
2846 3697 2929 3742 dat
2981 3699 3225 3744 actionem
3258 3700 3311 3746 4.

1737 3767 1830 3826 „in
1866 3767 1908 3812 B
1944 3766 2165 3822 potentia
2214 3768 2238 3812 1
2278 3773 2473 3820 tempus
2509 3768 2539 3812 2
2577 3767 2661 3812 dat
2705 3767 2947 3812 actionem
2993 3769 3051 3824 2,
3102 3768 3310 3822 denique

1737 3837 1826 3898 „in
1872 3837 1909 3883 (2
1954 3835 2172 3892 potentia
2223 3838 2247 3882 1
2287 3843 2481 3890 tempus
2532 3838 2556 3882 1
2607 3837 2689 3882 dat
2736 3838 2977 3883 actionem
3024 3841 3071 3884 l.
3150 3839 3311 3886 Vides

1736 3918 1923 3968 „quam
1956 3910 2085 3952 haec
2117 3909 2323 3961 pulchre
2360 3907 2616 3965 quadrent,
2653 3911 2703 3951 et
2739 3918 2886 3962 quam
2922 3917 3096 3963 parum
3130 3909 3308 3956 distin·-

1737 3985 1887 4038 „ctae
1921 3979 2149 4024 notiones
2184 3977 2247 4022 de
2280 3979 2515 4034 potentia,
2551 3978 2749 4024 actione
2793 3985 2843 4024 et
2878 3979 3121 4025 similibus
3154 3983 3309 4036 vulgo

1736 4051 2061 4110 „habeantun
2134 4049 2423 4104 complures
2447 4051 2555 4104 iam
2590 4049 2707 4096 anni
2740 4053 3017 4108 sunt‚quod
3052 4055 3177 4097 haee
3210 4063 3309 4098 ex-

1736 4120 1923 4181 „piicul
1958 4120 2009 4166 in
2046 4120 2396 4168 dissertatione
2432 4121 2712 4174 conscripta
2750 4121 2801 4166 in
2838 4121 3015 4168 ttinere
3049 4123 3221 4168 italico
3258 4126 3310 4170 et

1739 4191 2053 4252 „Florentiae
2089 4191 2220 4246 apud
2256 4190 2464 4236 amicum
2500 4190 2691 4248 relicta,
2728 4191 2814 4246 qul
2848 4191 3107 4240 editionem
3151 4192 3203 4238 in
3248 4205 3307 4240 se

1738 4267 2058 4322 „receperat;
2105 4261 2193 4308 sed
2240 4273 2331 4318 ego
2378 4267 2557 4316 postea
2602 4263 2652 4308 in
2695 4271 2838 4308 mora
2879 4263 2967 4320 ful,
3016 4263 3129 4309 dum
3161 4265 3311 4318 plura

1736 4333 1989 4395 „subnata
2022 4337 2157 4391 sunt,
2194 4343 2325 4386 quae
2358 4343 2438 4378 me
2483 4333 2825 4388 adiuncturum
2871 4333 3068 4393 scripsi,
3098 4335 3311 4382 necdum

1737 4403 2015 4464 „praesum
2049 4415 2149 4450 non
2185 4405 2317 4458 quod
2350 4415 2435 4450 res
2478 4405 2655 4462 desint,
2702 4405 2793 4450 sed
2838 4405 2991 4452 etium
3036 4401 3309 4452 ordinandi.

1737 4477 2037 4536 „Caeterum
2081 4480 2135 4521 ut
2181 4476 2425 4522 actionem
2468 4486 2598 4520 nnnc
2642 4477 2917 4530 composita
2959 4477 3151 4522 ratione
3185 4488 3309 4524 sue-

1736 4558 1883 4608 „rum
1918 4546 2269 4602 principiorum
2303 4547 2554 4602 potentiae
2590 4552 2639 4591 et
2684 4548 2920 4601 temporis
2964 4548 3192 4606 aestimo,
3234 4549 3311 4594 ita

1737 4629 1885 4679 „eam
1918 4619 2070 4673 paulo
2108 4622 2223 4662 ante
2259 4619 2639 4663 aestimaveram
2686 4619 2958 4673 composita
2992 4618 3184 4664 ratione
3219 4629 3309 4664 eo·

1738 4697 1883 4749 „rum
1938 4697 2073 4742 qaae
2117 4693 2367 4742 praestat·
2424 4688 2630 4734 effeetus
2686 4689 2877 4735 scilieet
2924 4687 3175 4734 extenslvi
3216 4695 3313 4738 seu

1739 4760 2051 4820 „materialis
2083 4769 2259 4816 nempe
2290 4759 2609 4816 longitudinis
2647 4751 2821 4816 (quan
2852 4741 2969 4804 κατ’
3001 4742 3199 4818 ἐξοχὴν
3233 4760 3311 4806 61-

1739 4831 1961 4893 „iectum
1994 4839 2179 4876 vocare
2214 4823 2382 4888 soleo)
2422 4836 2471 4876 et
2507 4830 2965 4878 euectusintensivi
2996 4841 3088 4876 seu
3122 4831 3312 4878 forma-

1739 4863 1858 4963 :zLis
1928 4901 2279 4950 Desideratum
2326 4901 2453 4946 enim
2500 4907 2579 4945 est
2614 4905 2667 4946 ut
2710 4907 2990 4957 praestetur
3024 4902 3229 4947 muitum
3262 4901 3314 4944 et

1740 4936 1893 5032 :eito-
1966 4970 2155 5018 Ambae
2202 4977 2367 5019 autem
2414 4972 2786 5020 aestinmwnes
2834 4971 3145 5041 eonserniuut
3186 4971 3315 5015 later

1739 5053 1854 5106 ,,66,
1892 5047 1945 5089 ut
1962 5034 2155 5089 videsf‘

1375 5235 1427 5244 ...-
1436 5235 1458 5242 .-
1465 5231 1662 5245 -..Ἠ-...-
1669 5233 1986 5242 ...ο-*ῃ

2548 5287 2629 5343 25
