3717 5850
397 314 534 395 ue

405 475 468 535 in
483 474 622 533 chao
653 468 1060 545 pemqitionum
1089 468 1406 527 nostrarum
1423 466 1616 525 latem-
1655 466 1794 525 Sunt
1811 469 1997 529 tamen

405 566 466 625 in
485 562 646 621 nobis
665 558 876 619 asinina
893 570 1106 629 eorum,
1127 570 1268 627 quae
1287 556 1572 629 discimus,
1603 555 1758 613 ideae
1779 570 1997 656 riempe,

405 661 464 713 et
488 668 626 725 quae
657 648 785 705 inde
813 651 1125 718 nascuntur,
1153 648 1410 701 aeternae
1438 646 1721 703 veritates:
1763 661 1869 701 nec
1894 644 1996 701 mi-

305 786 318 799 .
405 757 552 813 rum,
583 754 756 811 quum
793 753 942 811 ens,
981 750 1213 807 unum,
1255 732 1712 805 subtantiam,
1763 734 1995 792 actio·

404 845 552 887 nem
579 833 638 885 et
663 826 870 885 similia
899 824 1240 883 inveniamus
1267 823 1328 879 in
1355 822 1540 897 uobis,
1575 827 1632 879 et
1657 822 1836 879 nostri
1862 838 1994 879 eon-

405 919 506 985 scii
532 918 750 991 seimus,
781 916 936 975 ideas
961 930 1154 971 eorum
1181 912 1240 969 in
1268 912 1430 969 nobis
1457 926 1594 969 esse.
1651 910 1838 981 [ongo
1863 926 1995 981 ergo

403 1006 790 1083 meter-endas
817 1007 949 1063 sunt
975 1000 1296 1059 Platonis
1323 1000 1567 1059 Notitiae
1587 1000 1828 1075 innatae,
1855 1016 1997 1073 quos

403 1096 842 1155 reminiscentiae
867 1091 1092 1150 nomine
1121 1089 1350 1163 velavit,
1394 1089 1614 1147 tabulae
1653 1106 1810 1147 rasae
1835 1090 1997 1147 Ari-

407 1186 694 1244 stotelis
736 1190 795 1241 et
821 1180 1070 1240 Lockii
1112 1178 1450 1252 aliorumque
1477 1178 1860 1253 recentiorum,
1901 1178 1995 1251 qui

405 1268 771 1346 a’gmapmffic
823 1268 1292 1345 philosophantur.
1379 1268 1574 1340 Itaque
1625 1268 1923 1323 Platone
1936 1283 1993 1323 m

405 1361 794 1421 Aristoteli
815 1366 873 1417 et
891 1356 1294 1415 Democrito
1322 1356 1530 1413 utiliter
1548 1356 1993 1427 conjungendum

403 1470 598 1511 censeo
645 1451 716 1507 ad
765 1452 911 1505 recte
969 1445 1478 1521 philosophandum.
1552 1445 1656 1503 Sed
1706 1445 1995 1503 nonnullas

401 1526 638 1612 κυρίας
679 1520 915 1602 δόξας
898 1553 960 1594 ιιι
988 1551 1180 1592 eorum
1209 1550 1536 1607 uuoquoque
1563 1534 1804 1608 expungi
1829 1550 1994 1608 opor-

405 1634 500 1687 tet.
569 1628 694 1685 Non
733 1626 878 1683 male
917 1623 1218 1681 Platonicis
1247 1628 1481 1697 quatuor
1509 1625 1569 1684 in
1597 1628 1781 1680 mente
1807 1622 1993 1699 cogni-

403 1720 581 1777 tiones
608 1719 992 1789 agnoscuntur,
1023 1713 1244 1787 Sensus,
1274 1713 1496 1787 Opini0,
1539 1711 1991 1785 Scientia,1ntel-

401 1808 604 1880 lectus3
645 1820 844 1878 nempe
885 1803 1298 1877 Experimenta,
1337 1801 1710 1877 Coniecturae,
1753 1801 1993 1859 Demon-

401 1895 598 1953 stratio
624 1898 683 1950 et
707 1910 846 1967 pura
872 1891 1192 1965 Intellectio,
1223 1906 1362 1963 quae
1385 1890 1632 1947 veritatis
1652 1906 1858 1947 nexum
1880 1907 1993 1947 uno

401 1984 606 2041 mentis
631 1983 744 2039 ictu
782 1980 1062 2056 perspicit:
1107 1979 1256 2052 quod
1295 1981 1416 2036 Deo
1457 1980 1516 2036 in
1555 1979 1815 2037 omnibus
1842 1994 1992 2037 com-

402 2074 560 2149 petit,
603 2071 766 2128 nobis
804 2075 1020 2127 tantum
1059 2068 1120 2125 in
1145 2068 1484 2143 simplicibus
1511 2069 1702 2125 datum
1738 2067 1842 2124 est„¹
1909 2068 1992 2138 Eo

403 2168 588 2219 tamen
618 2160 796 2233 magis
823 2160 884 2217 in
911 2156 1338 2217 demonstrando
1365 2158 1436 2215 ad
1458 2156 1875 2233 intelligendum
1904 2174 1991 2214 ac-

403 2251 660 2322 cedimus,
699 2263 810 2321 quo
849 2248 1010 2321 plura
1051 2248 1303 2303 breviore
1337 2252 1580 2319 tempore
1617 2246 1989 2321 perspicimus.

399 2340 644 2396 Mentem
674 2340 934 2408 nostram,
975 2336 1078 2393 etsi
1106 2351 1141 2391 a
1170 2336 1290 2393 Deo
1331 2336 1590 2393 continue
1619 2336 1674 2393 in
1705 2334 1994 2398 existendo

401 2427 722 2501 agendoque
756 2424 1076 2499 dependeat,
1116 2428 1180 2481 ut
1222 2425 1402 2495 omnis
1431 2428 1698 2499 creatura,
1737 2428 1873 2499 puto
1914 2428 1994 2481 ta·

403 2532 533 2573 men
571 2531 684 2574 non
721 2515 964 2583 indigere
1001 2513 1262 2587 peculiari
1301 2511 1419 2583 ejus
1457 2529 1738 2587 concursu,
1781 2512 1993 2583 legibus

401 2611 631 2663 naturae
657 2604 1024 2678 superaddito,
1053 2603 1122 2659 ad
1153 2603 1522 2676 perceptiones
1549 2618 1703 2675 suast,
1731 2600 1828 2659 sed
1849 2600 1993 2675 cogi-

403 2694 636 2751 tationes
663 2693 991 2766 posteriores
1019 2708 1092 2748 ex
1119 2691 1398 2764 prioribus
1429 2690 1594 2747 insita
1620 2690 1676 2745 vi
1709 2690 1991 2765 deducere,

401 2783 702 2855 ordineque
728 2782 910 2857 aDeo
952 2780 1313 2856 praescriptm
1365 2784 1428 2836 ut
1475 2784 1618 2835 recte
1667 2779 1991 2853 Roelius,

401 2886 564 2947 quem
592 2872 748 2929 citas.
835 2870 998 2936 Quod
1034 2886 1136 2944 ego
1167 2869 1332 2926 etiam
1361 2868 1432 2926 ad
1472 2868 1841 2943 perceptiones
1870 2884 1991 2925 sen-

402 2963 644 3020 sibilium
686 2961 940 3017 extendo.
1029 2961 1212 3026 Quum
1251 2959 1402 3016 enim
1439 2974 1540 3014 nec
1575 2974 1612 3013 a
1649 2958 1770 3014 Deo
1809 2959 1992 3014 intun-

401 3052 602 3110 dantur
641 3050 990 3124 miraculose,
1041 3065 1138 3106 uec
1175 3065 1212 3104 a
1249 3064 1478 3122 corpore
1516 3047 1744 3103 immitti
1783 3046 1994 3120 possint

399 3140 738 3214 naturaliter,
787 3153 1122 3211 consequens
1171 3141 1254 3192 est
1267 3177 1286 3210 ,
1345 3141 1407 3194 ιιι
1457 3151 1554 3210 per
1605 3135 1989 3210 flammulam,

399 3321 702 3374 nascantur.
761 3317 826 3382 ld
863 3315 1272 3390 sapientissimo
1309 3319 1530 3371 auctore
1557 3313 1792 3387 dignius,
1821 3327 1991 3386 quam

397 3407 664 3480 perpetuo
701 3403 864 3476 leges,
903 3404 1122 3477 corpori
1149 3403 1436 3459 animaeve
1473 3403 1661 3476 datas,
1701 3403 1863 3458 novis
1886 3403 1991 3459 im·

395 3494 772 3567 pressionibus
809 3492 1032 3550 violare.
1106 3491 1333 3548 Interim
1373 3491 1452 3548 ob
1489 3507 1812 3548 concursum
1849 3489 1991 3548 divi·

397 3597 553 3656 num,
591 3582 688 3655 qui
725 3581 919 3655 cuique
957 3585 1240 3637 creaturae
1274 3580 1537 3638 continuo
1577 3579 1788 3654 tribuit,
1831 3581 1989 3654 quid·

395 3673 528 3744 quid
557 3671 618 3728 in
645 3687 714 3728 ea
731 3674 815 3726 est
835 3670 1198 3744 perfectionis,
1229 3673 1410 3743 potest
1429 3669 1538 3726 dici
1563 3669 1842 3740 objectum
1872 3670 1989 3728 ani·

394 3773 522 3816 mae
548 3764 838 3816 externum
859 3775 978 3815 esse
997 3759 1176 3815 solum
1199 3759 1394 3830 Deum,
1423 3775 1598 3832 eoque
1627 3773 1784 3816 serien
1807 3759 1989 3816 Deum

393 3865 513 3904 esse
539 3849 612 3904 ad
642 3851 898 3922 mentem,
931 3853 993 3904 ιιι
1020 3847 1118 3904 lux
1151 3846 1220 3903 ad
1251 3848 1488 3905 oculum.
1577 3847 1729 3904 Haec
1763 3854 1850 3906 est
1889 3849 1989 3905 illa

391 3937 580 3996 divina
599 3937 666 3998 ,in
695 3936 859 3994 nobis
885 3936 1142 3993 relucens·
1159 3937 1394 4011 Veritas,
1423 3937 1494 3994 de
1519 3953 1634 4010 qua
1663 3938 1826 3996 toties
1853 3939 1986 3994 Au·

392 4027 746 4100 gustinus,
805 4041 1040 4100 eumque
1088 4025 1146 4082 in
1203 4041 1271 4082 ea
1325 4041 1390 4082 re
1447 4030 1708 4098 sequutus
1765 4025 1982 4084 Male·

397 4113 782 4172 branchias.

481 4291 573 4348 IV.
648 4290 912 4348 Animam
951 4293 1010 4346 in
1037 4291 1141 4348 boc
1167 4306 1398 4364 corpore
1427 4290 1574 4347 velut
1599 4305 1816 4347 earcere
1844 4307 1979 4365 esse,

393 4393 532 4436 sano
555 4393 714 4436 sensu
753 4379 984 4449 intelligi
1013 4385 1214 4454 potest.
1275 4379 1380 4436 Sed
1409 4377 1720 4448 abjicienda
1747 4384 1830 4436 est
1857 4379 1982 4436 Phi·

393 4467 745 4543 losophorum
767 4472 1016 4526 veterum
1025 4468 1231 4544 opinio,
1261 4467 1410 4542 quod
1437 4483 1636 4542 corpus
1655 4468 1984 4542 poenalissit

387 4573 574 4616 carcer
629 4557 1028 4630 intelligentiae
1081 4560 1217 4616 olim
1240 4559 1558 4632 ,peccantia
1646 4557 1789 4616 Illud
1837 4563 1983 4617 recte

389 4652 616 4719 remes,
652 4648 902 4704 animam
939 4649 998 4704 in
1044 4663 1276 4723 corpore
1321 4653 1604 4721 tamquam
1641 4647 1704 4704 in
1745 4646 1982 4705 statione

389 4751 526 4810 esse,
559 4737 702 4794 uude
731 4735 944 4806 injussu
975 4739 1180 4795 summi
1208 4736 1565 4810 Imperatoris
1593 4736 1852 4794 decedere
1894 4738 1979 4793 fas

387 4836 503 4884 uon
529 4826 618 4884 sit.
659 4857 662 4860 ⁴
707 4825 820 4884 Nec
847 4826 986 4884 illud
1013 4826 1310 4900 inelegans
1339 4825 1686 4899 providentia
1715 4842 1816 4882 nos
1841 4826 1975 4899 regi,

387 4927 496 4988 qua
533 4915 806 4972 rationem
839 4915 1140 4989 sequimur,
1193 4917 1310 4971 fato
1345 4920 1402 4970 et
1449 4915 1628 4969 instar
1677 4915 1977 4990 machinae,

387 5003 522 5062 dum
571 5003 854 5060 effectibus
903 5003 1148 5061 ferimur.
1233 5003 1297 5059 ld
1345 5001 1498 5058 enim
1549 5019 1622 5058 ex
1671 5003 1977 5062 Harmonia

389 5093 764 5164 pnestnbilita
791 5093 954 5152 hodie
973 5093 1134 5150 nobis
1155 5095 1498 5166 perspectum
1523 5096 1626 5163 est,
1659 5092 1836 5150 Deum
1859 5108 1976 5149 om

388 5181 484 5237 nia
511 5187 626 5239 tam
666 5182 892 5240 mirifice
917 5182 1230 5256 inmteisse,
1271 5185 1334 5238 ut
1367 5195 1662 5255 corporeae
1693 5181 1977 5240 machinae

1403 320 1603 384 mv.
1693 294 2043 387 armum
2084 323 2195 383 An
2234 320 2692 386 ammian.

2077 466 2355 525 mitibus
2382 465 2643 529 miani
2682 469 2743 523 et
2777 462 2975 539 quod
2956 479 3015 525 ιιι
3044 467 3233 523 mente
3256 470 3345 523 est
3386 463 3671 539 providea-

2076 555 2179 631 tia,
2206 554 2269 611 ιιι
2295 571 2527 629 corpore
2556 556 2631 615 sit·
2654 557 2851 613 tatum

2168 644 2235 701 V.
2298 645 2485 703 Etiam
2523 645 2595 707 de
2631 643 2927 703 virtutihus
2976 644 3257 719 praeclare
3294 618 3581 703 Platonici
3614 651 3669 699 et

2077 734 2246 795 Stoici
2276 740 2515 809 veteres,
2560 733 2897 806 rigidiorqne
2932 738 3023 791 est
3062 732 3543 805 Augustinus,
3587 735 3665 805 ‹pi

2078 839 2193 881 non
2220 828 2527 896 contentus,
2560 823 2623 881 in
2640 822 2939 925 virtutibus
2956 838 3153 881 eornm
3171 826 3443 897 perpetim
3462 830 3684 895 pestate.

2078 1090 2181 1149 sub
2210 1091 2505 1150 honestatis
2536 1092 2765 1167 nomine
2804 1090 2877 1149 ad
2916 1066 3141 1149 laudum
3170 1090 3483 1147 vanitatem
3510 1094 3569 1145 et
3592 1107 3675 1145 sa·

2078 1180 2327 1255 perbiam
2384 1180 2711 1239 retulissent.
2806 1178 2911 1237 Sed
2962 1184 3179 1237 constat
3230 1182 3421 1237 tamen
3434 1220 3456 1252 ,
3516 1195 3675 1253 saepe

2078 1274 2228 1326 recta
2256 1270 2403 1344 ipsos
2430 1284 2543 1325 non
2572 1285 2669 1343 spe
2690 1269 2942 1344 praernii,
2968 1275 3068 1327 aut
3087 1284 3299 1343 poenae
3325 1268 3555 1343 timore,
3580 1268 3675 1324 sed

2076 1358 2298 1415 virtutis
2324 1374 2514 1415 amore
2538 1358 2949 1417 commendasse
2986 1356 3220 1431 sapienti
3234 1377 3251 1412 ι
3294 1372 3483 1431 nequa
3522 1358 3673 1413 illum

2078 1447 2296 1504 virtutis
2320 1462 2567 1505 amorem
2592 1446 2815 1505 differre
2840 1462 2877 1503 a
2897 1446 3189 1505 dilectione
3206 1445 3479 1521 justitiae,
3512 1462 3677 1519 quam

2076 1537 2311 1593 inculcat
2338 1535 2815 1612 Augustinus,
2840 1552 3071 1611 eamque
3098 1535 3171 1593 ad
3190 1535 3477 1605 justitiam
3496 1552 3675 1593 assen-

2076 1624 2289 1701 tialem,
2318 1625 2377 1683 id
2408 1629 2508 1698 est,
2538 1624 2762 1683 Deum
2745 1641 2928 1699 ipsum
2953 1628 3137 1697 refert,
3172 1624 3231 1682 in
3258 1642 3375 1699 quo
3402 1627 3531 1683 fons
3560 1625 3673 1683 veri

2077 1709 2335 1789 bonique,
2364 1714 2513 1788 quod
2540 1731 2643 1771 nec
2679 1714 2881 1771 Plato
2908 1714 3074 1789 plane
3102 1714 3412 1809 ignorabat,
3451 1731 3673 1787 semper

2075 1802 2369 1878 respiciens
2396 1802 2679 1878 adipsum
2698 1819 2907 1877 verum,
2939 1786 3373 1873 αὐτοαλιηδὲς.
3412 1804 3521 1861 Sed
3542 1802 3669 1861 Phi-

2074 1892 2333 1967 losophos
2371 1892 2561 1949 omnia
2600 1892 2673 1951 ad
2712 1908 2774 1949 se
2811 1892 3059 1951 retulisse
3102 1890 3299 1962 objicit
3328 1894 3669 1965 Augusti·

2076 1998 2202 2037 nus
2215 2022 2231 2054 ,
2262 1987 2675 2055 creaturamque
2700 1982 2841 2039 adeo
2868 1980 3192 2055 praetulisse
3218 1982 3453 2041 creatori.

2164 2070 2259 2127 vl.
2324 2070 2444 2141 Ego
2484 2086 2617 2127 vero
2646 2087 2872 2146 vereor,
2922 2086 2994 2139 ne
3022 2070 3158 2129 haec
3184 2070 3358 2130 nimia
3394 2071 3467 2127 sit
3490 2070 3667 2134 subti-

2078 2157 2227 2233 litas,
2254 2158 2433 2233 qualis
2461 2174 2635 2235 nuper
2662 2158 3007 2233 quorundam
3042 2160 3223 2217 Deum
3266 2160 3440 2217 amari
3468 2157 3659 2229 iuben-

2078 2248 2218 2304 tium
2258 2247 2413 2305 nullo
2454 2248 2633 2305 nostri
2660 2255 2925 2323 respectu.
2980 2248 3173 2321 Neque
3200 2248 3353 2305 enim
3382 2266 3482 2323 per
3508 2254 3657 2305 natu-

2077 2352 2199 2393 ram
2226 2352 2411 2397 rerum
2438 2338 2553 2395 fieri
2582 2342 2781 2413 potest,
2820 2342 2881 2395 ut
2909 2337 3197 2413 quisquam
3222 2354 3358 2395 suae
3394 2338 3657 2422 segidtatis

2077 2427 2347 2483 rationem
2372 2443 2485 2483 uon
2522 2426 2742 2484 habeat.
2806 2426 2913 2484 Sed
2946 2427 3121 2483 Deum
3158 2426 3471 2483 amantibm
3498 2427 3657 2483 selid-

2078 2518 2163 2570 tas
2204 2515 2331 2571 inde
2366 2516 2593 2589 propria
2632 2516 2889 2575 nascitur.
2971 2515 3166 2589 ltaque
3202 2532 3373 2589 quum
3418 2516 3659 2573 nondum

2076 2603 2369 2677 prodiisset
2405 2604 2780 2661 controversia
2820 2605 2891 2663 de
2926 2602 3351 2665 Mercenarii
3400 2611 3470 2662 et
3518 2606 3658 2661 veri

2076 2694 2336 2750 amoris
2366 2693 2806 2766 discrimine,
2846 2694 3055 2753 nodum
3085 2694 3349 2767 videram,
3384 2694 3489 2751 et
3470 2712 3530 2751 m
3554 2695 3661 2751 Co-

2077 2781 2213 2837 ‹licis
2242 2780 2387 2853 juris
2414 2782 2658 2854 gentium
2698 2783 3033 2857 praefatione
3060 2783 3433 2859 dissolvet-am,—
3472 2784 3661 2841 defini-

2077 2870 2225 2929 tione
2265 2868 2536 2928 Amoris
2588 2870 2773 2936 allata,
2826 2888 2968 2945 quae
3006 2888 3209 2946 magno
3246 2872 3663 2946 intelligentium

2076 2959 2273 3034 plausu
2298 2965 2520 3035 accepta
2548 2967 2651 3035 est,
2692 2963 2915 3034 visaque
2942 2962 3191 3021 decidere
3215 2963 3387 3020 litem.
3453 2965 3663 3022 Amor

2076 3049 2225 3105 enim
2256 3067 2487 3122 veruS,
2532 3051 2627 3122 qui
2654 3051 3089 3110 mercenario
3118 3053 3431 3126 opponitur,
3457 3060 3537 3109 eet
3564 3056 3663 3112 ille

2076 3138 2275 3194 mentis
2318 3139 2561 3212 aflectus,
2600 3155 2712 3212 quo
2752 3141 2979 3196 ferimur
3016 3139 3087 3198 ad
3124 3141 3491 3200 delectandum
3516 3143 3661 3200 alte-

2076 3228 2190 3286 rius
2218 3226 2497 3286 felicitate.
2585 3228 2729 3284 Nam
2768 3228 2969 3302 quibus
2998 3229 3346 3306 delectamur,
3386 3247 3451 3287 ea
3474 3249 3569 3305 per
3601 3251 3665 3288 se

2075 3316 2397 3390 expetimus.
2441 3317 2633 3390 Porro,
2662 3333 2835 3392 quum
2854 3317 3043 3376 divina
3062 3320 3295 3376 felicitas
3321 3321 3393 3377 sit
3412 3323 3659 3378 omnium

2074 3405 2467 3479 perfectionum
2496 3407 2799 3482 confluxus,
2831 3411 2889 3464 et
2914 3407 3207 3465 delectatio
3233 3409 3306 3465 sit
3332 3423 3519 3466 sensus
3538 3429 3659 3484 per-

2074 3493 2351 3566 fectionis,
2394 3495 2520 3550 binc
2558 3491 2891 3569 consequens
2929 3501 3029 3572 est,
3072 3513 3263 3554 veram
3290 3513 3408 3554 esse
3433 3501 3659 3557 felicita·

2074 3588 2187 3640 tem
2214 3587 2431 3640 creatae
2458 3585 2660 3640 mentis
2686 3585 2743 3640 in
2772 3599 2937 3642 sensu
2964 3585 3184 3644 divinae
3212 3587 3498 3644 felicitatis
3551 3590 3663 3646 lta-

2072 3687 2195 3746 que,
2236 3674 2333 3745 qui
2360 3679 2585 3748 remum,
2623 3689 2831 3748 verum,
2872 3675 3099 3748 bonurn,
3131 3674 3345 3746 justum
3374 3685 3663 3751 quaerunt,

2071 3763 2277 3836 magle,
2330 3763 2459 3836 quia
2496 3762 2753 3836 delectat,
2796 3779 2964 3837 quam
3002 3764 3132 3838 quia
3178 3765 3427 3839 prodest,
3470 3785 3663 3840 quam·

2070 3865 2239 3922 quam
2276 3867 2339 3906 re
2376 3867 2507 3908 vera
2546 3853 2789 3908 maxime
2826 3853 3027 3927 prosit,
3070 3853 3111 3910 ii
3153 3855 3225 3912 ad
3265 3856 3529 3912 Amorem
3562 3859 3663 3914 Dei

2070 3939 2315 3996 maxime
2358 3945 2488 3998 sunt
2536 3943 2842 4016 praeparati
2880 3957 2956 3998 ex
2996 3943 3166 4016 ipsius
3210 3945 3483 4002 senitentia
3520 3947 3577 4000 A
3592 3964 3662 4002 u·

2067 4028 2335 4098 gustini
2364 4029 2458 4102 qui
2486 4031 2705 4104 egregie
2732 4032 3001 4104 ostendit,-
3020 4031 3201 4089 bonos
3228 4034 3337 4090 frui
3358 4033 3477 4090 Deo
3502 4038 3658 4109 velle,

2068 4118 2245 4174 malos
2274 4117 2375 4192 uti,
2406 4125 2463 4174 et
2490 4119 2707 4194 probat,
2734 4120 2884 4193 quod
2904 4121 3175 4178 Platonici
3206 4121 3482 4196 volebant,
3510 4143 3663 4182 com-

2068 4208 2433 4264 mutationem
2461 4208 2685 4265 Amoris
2704 4209 2880 4266 divini
2900 4227 3026 4270 cum
3044 4211 3249 4269 cednico
3268 4228 3393 4269 esse
3406 4230 3659 4270 cacumin

2066 4295 2255 4368 lapsus
2280 4295 2611 4352 animarum.
2678 4297 2871 4372 Neque
2910 4299 3079 4372 igitur
3105 4305 3296 4359 nostra
3322 4302 3543 4358 felicitas
3576 4302 3653 4359 ab

2068 4385 2273 4440 Amcm
2304 4384 2403 4439 Dei
2433 4385 2677 4457 separari
2706 4391 2903 4458 potest.

2157 4472 2278 4528 vn.
2347 4473 2507 4530 Unde
2545 4475 2845 4540 Quietistas
2882 4477 3027 4533 male
3069 4477 3329 4548 mysticos
3360 4479 3653 4554 explode-e,

2064 4561 2159 4633 qui
2180 4561 2569 4634 proprietatem
2588 4567 2647 4620 et
2665 4564 2947 4622 actionem
2964 4565 3217 4624 adimerat
3234 4568 3429 4626 beatae
3450 4571 3652 4642 menti3

2064 4649 2223 4723 quasi
2263 4665 2480 4709 smnma
2516 4657 2709 4710 nostra
2744 4655 3006 4728 pei-rectio
3044 4656 3103 4712 in
3154 4657 3381 4730 pasdvo
3416 4659 3649 4731 quodam

2064 4743 2211 4795 statu
2236 4741 2525 4814 consistat,
2568 4757 2737 4816 quum
2776 4747 2963 4800 tamen
2994 4761 3154 4801 amor
3182 4751 3240 4801 et
3266 4749 3515 4820 cognitio
3550 4749 3651 4804 sint

2062 4831 2409 4902 operationes
2438 4832 2637 4888 mentis
2664 4847 2729 4888 ac
2756 4833 3071 4890 voluntatis.
3120 4835 3413 4893 Beatitndo
3440 4837 3651 4894 animae

2059 4917 2329 4991 consistit,
2357 4921 2545 4992 utique
2570 4921 2629 4976 in
2660 4920 2865 4978 unione
2892 4939 3017 4980 cum
3046 4924 3183 4998 Deo,
3213 4925 3389 4982 modo
3416 4943 3533 4982 non
3560 4943 3649 5002 pu-

2058 5011 2255 5080 temus,
2296 5007 2582 5064 absorberi
2622 5011 2869 5066 animam
2898 5013 2953 5068 ιιι
2984 5013 3182 5085 Deum,
3211 5016 3572 5088 proprietate,
3601 5019 3647 5069 et

2056 5111 2199 5168 quae
2218 5096 2581 5154 substantiam
2606 5101 2887 5174 propriam
2896 5102 3013 5158 sola
3034 5103 3183 5199 facit,
3202 5103 3427 5161 actione
3435 5105 3643 5174 amissa,

2054 5183 2151 5256 qui
2184 5183 2359 5242 malus
2388 5185 2549 5243 merit
2578 5179 2645 5242 ἐι
2644 5173 3111 5264 momentanee,
3136 5205 3322 5265 neque
3348 5193 3645 5269 expetenda
