3717 5850
1225 343 2020 406 PRAEFATIO.
3192 345 3279 410 lx

98 477 300 548 fasciam
339 480 446 570 qui
489 473 882 569 autographa
929 473 1220 546 Leibnitii
1267 477 1585 546 continent
1625 474 2043 570 philosophici
2082 478 2466 572 argumenti,
2522 497 2799 568 quorum
2842 477 3041 548 musta
3100 502 3267 552 non-

46 677 50 734 *
97 733 198 778 eum
247 733 429 800 saepe
469 731 668 777 unam
711 707 1109 800 eandemque
1152 711 1745 778 commentationem
1787 718 1885 777 ter
1927 717 2229 800 quaterve
2269 707 2681 806 inchoaverit,
2722 711 3117 801 repetitiones
3160 711 3271 780 de-

96 835 210 906 sunt,
241 825 320 892 ita
359 833 428 891 ut
471 823 776 893 editorem
820 822 1054 915 eligere
1098 835 1382 915 oporteat
1424 847 1590 916 quae
1633 824 2007 916 gravissima
2050 832 2113 892 et
2138 824 2417 892 maxime
2456 825 2751 915 perfecta,
2792 845 3079 894 resecare
3106 851 3275 918 quae

94 942 243 1006 mimis
289 941 570 1008 confecta
627 937 956 1008 videantur
1010 950 1123 1008 aut
1171 938 1326 1008 nihil
1367 941 1725 1009 contineant
1782 961 1977 1028 quam
1990 990 2011 1023 ,
2054 935 2228 1029 quod
2268 939 2335 1006 in
2379 937 2555 1006 editis
2598 941 2727 1027 jam
2768 938 2997 1008 melius
3038 935 3274 1012 dictum

91 1065 172 1121 est.
233 1053 434 1146 ltaque
477 1077 562 1122 ex
617 1053 738 1122 illis
781 1053 1030 1124 schedis
1071 1056 1290 1147 viginti
1343 1065 1470 1124 tres
1523 1053 1686 1146 elegi
1739 1051 1991 1122 editioni
2044 1075 2230 1122 meae
2282 1051 2663 1122 inserendas.
2752 1053 2939 1138 Quae
2992 1058 3273 1148 scriptio-

92 1192 170 1236 nes
217 1171 472 1239 maxima
539 1192 622 1238 ex
689 1179 866 1262 parte
926 1168 1008 1237 ad
1059 1169 1234 1238 illam
1292 1171 1601 1262 pertinent
1655 1169 1983 1236 scientiam
2054 1191 2249 1260 quam
2312 1167 2658 1238 Leibnitius
2710 1169 2905 1240 modo
2960 1170 3270 1242 mathesin

93 1284 435 1354 universalem
450 1337 470 1369 ,
524 1284 718 1355 modo
775 1286 1098 1354 scientiam
1141 1283 1535 1377 generalem,
1587 1280 1778 1350 modo
1821 1280 2141 1351 calculum
2195 1284 2725 1354 ratiocinatorium
2781 1284 3147 1377 appellavit,
3190 1287 3273 1356 de

94 1422 178 1487 qua
215 1402 444 1490 juvenis
492 1403 628 1492 jam
683 1401 1106 1470 somniaverat
1161 1423 1484 1492 quamque
1541 1421 1740 1468 senex
1793 1419 2016 1467 curare
2066 1416 2197 1466 non
2256 1397 2453 1466 desiit.
2541 1398 2761 1484 Quum
2804 1399 3077 1493 Raspius
3119 1401 3279 1470 duas

95 1524 268 1582 tantum
303 1517 860 1586 commentationes
895 1512 1157 1584 ediderit
1195 1513 1582 1606 easdemque
1624 1513 1945 1581 breviores
1991 1533 2187 1604 quam
2230 1535 2398 1604 quae
2442 1515 2736 1582 scientiae
2777 1513 2945 1584 illius
2984 1525 3278 1584 naturam

96 1631 354 1720 perspicue
403 1641 786 1714 monstrent,
835 1630 1136 1722 equidem
1191 1655 1230 1698 e
1283 1628 1498 1698 multis
1551 1629 1917 1721 fragmentis
1974 1649 2140 1719 quae
2194 1625 2436 1719 perlegi
2488 1631 2999 1700 ea··=-concinnare
3049 1627 3281 1716 studui,

95 1769 208 1832 quae
251 1745 398 1814 mihi
447 1749 586 1816 visa
628 1757 778 1816 sunt
833 1757 902 1816 et
954 1747 1325 1838 gravissima
1371 1754 1434 1812 et
1477 1742 1558 1812 ad
1602 1743 1931 1835 permagni
1969 1739 2135 1810 illius
2179 1741 2517 1810 moliminis
2560 1753 2851 1812 naturam
2892 1745 3275 1837 perspicien-

94 1857 194 1928 dam
227 1863 550 1952 aptissima.
623 1862 707 1932 Et
747 1885 898 1930 cum
940 1863 1008 1930 in
1048 1859 1148 1930 his
1191 1858 1440 1928 schedis
1483 1883 1612 1928 una
1655 1861 1752 1942 sit,
1797 1879 1964 1948 quae
2008 1858 2199 1926 totius
2242 1859 2449 1950 operis
2480 1860 2917 1927 oeconomiam
2946 1863 3279 1944 contineat,

93 1996 224 2064 spero
260 1973 470 2044 lectori
511 1977 683 2046 idem
727 1988 1106 2046 eventurum
1151 1999 1297 2045 esse
1341 1973 1514 2067 quod
1557 1972 1737 2057 mihi,
1799 1982 1870 2042 ut
1922 1970 2201 2064 quodam
2254 1971 2447 2042 modo
2488 1974 2871 2117 introspiciat
2910 1973 3283 2060 aedilicium,

91 2093 221 2180 cujus
253 2091 531 2184 singulae
571 2099 818 2162 tantum
861 2091 1195 2162 columnae
1237 2113 1482 2181 eaeque
1521 2111 1788 2182 mancae
1828 2087 2009 2156 nobis
2052 2097 2303 2158 restant.

214 2206 556 2298 Antequam
613 2207 696 2277 ad
749 2206 1212 2277 enumerandas
1257 2203 1536 2298 singulas
1578 2205 2141 2273 commentationes
2184 2201 2473 2271 Leibnitii
2514 2211 2864 2287 transeam,
2920 2215 2985 2273 et
3026 2203 3287 2298 singulis

91 2318 260 2405 titulis,
311 2345 464 2412 quae
509 2321 868 2390 annotanda
911 2345 1142 2392 censeo
1157 2374 1177 2406 ,
1229 2319 1487 2403 addam,
1543 2342 1674 2388 una
1725 2342 1830 2388 res
1883 2342 2011 2388 non
2066 2327 2162 2388 est
2213 2318 2791 2409 praetermittenda,
2841 2341 2925 2388 ne
2968 2317 3049 2387 de
3092 2343 3287 2413 opera

88 2455 192 2502 mea
229 2439 494 2506 severius
531 2435 864 2528 judicetur.
953 2436 1196 2506 Finitus
1237 2447 1370 2506 erat
1412 2433 1746 2528 colligendi
1787 2434 1966 2504 labor
2008 2432 2235 2502 abhinc
2277 2442 2404 2500 tres
2448 2454 2650 2500 annos
2693 2443 2761 2500 et
2808 2431 3133 2502 dimidium
3147 2485 3167 2518 ,
3222 2447 3288 2504 et

87 2548 263 2616 eodem
302 2559 579 2644 tempore
621 2551 874 2622 chartae
914 2549 1288 2644 bibliopolae
1333 2551 1590 2621 traditae
1633 2559 1779 2620 sunt
1820 2559 1894 2618 ut
1936 2551 2145 2617 statim
2188 2547 2365 2640 prelo
2408 2547 2876 2639 suincerentur.
2964 2547 3112 2618 Mea
3152 2573 3283 2618 non

89 2663 264 2732 accidit
307 2665 526 2758 culpa,
581 2678 655 2736 ut
709 2667 898 2736 dilata
951 2668 1032 2738 sit
1084 2668 1418 2758 impressio
1471 2669 1540 2735 in⁴
1591 2689 1794 2736 mens.
1880 2665 2061 2734 Febr.
2106 2665 2255 2732 anni
2292 2662 2968 2733 MDCCCXXXVIII.
3010 2661 3288 2755 indeque

89 2786 182 2844 tam
240 2781 398 2849 tarde
457 2781 943 2875 progrederetur
993 2792 1069 2850 ut
1119 2781 1393 2876 amplius
1449 2781 1772 2850 biennium
1826 2790 2231 2849 consumtum
2286 2781 2383 2849 sit.
2470 2778 2574 2846 Ex
2628 2801 2755 2870 quo
2810 2790 3097 2872 tempore
3150 2779 3287 2848 libri

89 2894 350 2984 prodiere,
387 2897 624 2967 inedita
663 2896 1050 2973 Leibnitiana
1093 2899 1482 2968 continentes
1527 2894 1700 2982 (dico
1747 2919 1899 2989 prae
1942 2895 2165 2965 ceteris
2210 2892 2287 2962 cl.
2318 2893 2581 2964 Cousini
2620 2896 2969 2987 fragmenta
3011 2891 3288 2987 philoso-

85 3007 226 3096 phica
247 3010 484 3082 Parisiis
528 3012 736 3103 edita),
781 3038 946 3106 quae
971 3038 1163 3099 nunc,
1205 3038 1288 3084 ne
1327 3024 1688 3105 temporum
1734 3010 2019 3079 ordinem
2060 3009 2412 3093 turbarem,
2454 3018 2565 3077 aut
2606 3007 2796 3101 plane
2837 3012 3122 3079 omittere
3167 3009 3281 3077 de-

46 3144 48 3149 ·
89 3122 183 3207 bui,
218 3138 314 3195 aut
349 3151 475 3198 non
520 3152 604 3198 eo
651 3154 778 3221 quo
821 3130 1115 3200 convenit
1155 3128 1298 3200 loco
1341 3132 1618 3199 inserere
1660 3128 1854 3218 potui.

221 3244 788 3315 Commentationes
829 3244 1135 3327 Leibnitii,
1180 3267 1344 3336 quae
1386 3244 1454 3311 in
1499 3243 1835 3313 editionem
1880 3264 2093 3311 meam
2135 3240 2365 3330 recepi,
2410 3237 2535 3307 hae
2576 3248 2751 3307 sunt:

220 3356 259 3425 l.
305 3357 794 3429 Dissertatio
849 3358 1389 3453 metaphysica
1443 3357 1537 3425 de
1581 3357 1979 3449 principio
2022 3352 2445 3437 individui,
2492 3377 2687 3446 quam
2728 3352 3075 3425 Leibnitius
3120 3376 3289 3423 anno

89 3468 432 3543 MDchuL
488 3474 728 3543 editam
779 3473 1029 3567 publice
1071 3474 1358 3544 defendit.
1449 3472 1666 3558 Quam
1721 3472 2215 3541 dissertationem
2268 3471 2335 3537 in
2376 3467 2709 3539 Ludovicii
2762 3470 3055 3539 manibus
3097 3472 3291 3541 fuisse

91 3608 150 3652 ex
181 3611 350 3679 opere
389 3593 526 3682 ejus
575 3589 1080 3677 (Ausftihrlicher
1105 3591 1400 3661 Entwurs
1435 3590 1609 3659 einer
1648 3586 2103 3680 vollstiindigen
2132 3586 2407 3653 Historie
2451 3583 2566 3654 der
2593 3584 3092 3655 Leibnitzischen
3136 3585 3289 3655 Phi-

90 3696 337 3793 losophie.
414 3702 679 3796 Leipzig
721 3704 898 3775 1737
941 3728 1004 3797 p.
1049 3708 1188 3793 37.)
1233 3714 1508 3796 apparet.
1560 3705 1616 3771 E
1649 3727 1776 3796 quo
1819 3703 2171 3772 Dutensius
2184 3753 2205 3784 ,
2245 3704 2455 3793 ipsam
2494 3701 3019 3769 Dissertationem
3061 3699 3290 3792 deper-

89 3813 240 3882 ditam
285 3828 478 3905 ratus,
534 3818 748 3887 theses
805 3842 842 3887 a
887 3829 1100 3889 nostro
1153 3818 1454 3905 defensas,
1497 3820 1839 3909 exscripsit.
1928 3818 2205 3885 Unicum
2240 3800 2325 3883 “ni
2382 3815 2561 3883 fallor
2614 3815 2809 3908 hujus
2848 3813 3293 3884 dissertationis

90 3931 354 4024 exemplar
403 3936 468 4003 in
513 3932 904 4003 Bibliotheca
943 3934 1148 4027 Regia
1190 3934 1614 4003 Hanoverana
1673 3943 1889 4003 exstat.
1980 3930 2185 4020 Cujus
2224 3927 2531 3997 videndae
2574 3952 2726 3997 cum
2784 3928 2965 3997 multi
3018 3952 3293 4021 quorum

91 4045 296 4115 interest
332 4050 736 4118 occasionem
777 4072 908 4119 non
949 4048 1248 4133 habeant,
1305 4050 1468 4119 bene
1513 4051 1743 4117 meruit
1778 4048 1860 4118 de
1902 4046 2153 4114 historia
2182 4042 2626 4136 Philosophiae
2654 4044 2817 4113 doct.
2862 4043 3295 4129 Guhrauerus,

92 4180 204 4229 eum
253 4176 384 4233 ante
437 4177 570 4233 tres
635 4188 836 4233 annos
900 4164 1110 4233 denuo
1177 4189 1320 4234 eam
1388 4164 1630 4247 ederet,
1695 4175 1758 4233 et
1821 4160 2276 4231 introductione
2340 4162 2761 4249 instrueret.⁰)
2858 4161 2983 4230 cui
3040 4158 3295 4229 editioni

94 4274 224 4363 quod
287 4302 428 4347 mea
505 4302 640 4349 non
727 4278 807 4349 ad
893 4279 1160 4349 verbum
1234 4280 1572 4374 respondet
1661 4304 1744 4348 ne
1829 4279 2073 4347 mireris
2168 4300 2441 4369 quaeso,
2526 4279 2762 4369 quippe
2858 4299 3011 4345 cum
3108 4274 3295 4343 nimis

91 4388 346 4461 festinanti
405 4394 657 4465 calamo
733 4395 932 4465 editor
1003 4395 1499 4466 dissertationem
1576 4395 1869 4465 Leibnitii
1946 4394 2461 4485 transscripserit,
2531 4392 2620 4460 ita
2686 4402 2759 4459 ut
2774 4442 2795 4475 ,
2876 4390 3047 4483 quod
3111 4388 3297 4457 valde

95 4498 380 4577 dolendum
457 4519 574 4593 est,
650 4512 710 4578 ei
778 4533 910 4580 non
979 4534 1226 4601 paucae
1298 4512 1596 4596 mendae,
1663 4533 1909 4601 eaeque
1984 4510 2391 4601 gravissimae
2406 4558 2425 4590 ,
2506 4508 2870 4577 exciderint.
2949 4548 3031 4561 --
3109 4504 3294 4575 Haec

95 4623 242 4688 nostri
307 4622 652 4693 dissertatio
725 4648 856 4693 non
928 4625 1138 4695 solum
1207 4626 1352 4695 ideo
1425 4636 1782 4695 memoratu
1855 4624 2045 4717 digna
2133 4640 2261 4707 est,
2350 4622 2524 4715 quod
2612 4624 2889 4715 primum
2974 4622 3297 4752 specimen

96 4742 162 4799 est
203 4739 332 4827 ejus
383 4739 651 4831 ingenii,
709 4739 823 4807 sed
879 4743 1072 4809 etiam
1127 4742 1276 4832 quia
1332 4764 1414 4811 ex
1471 4765 1551 4810 ea
1605 4751 1867 4834 apparet
1922 4762 2117 4833 quam
2173 4749 2467 4809 accurate
2522 4747 2809 4805 versatus
2864 4738 3049 4806 fuerit
3098 4735 3165 4805 in
3220 4758 3299 4805 ea

98 4844 416 4925 scholastica
506 4853 938 4948 philosophia,
1041 4878 1238 4948 quam
1323 4856 1511 4926 hodie
1607 4846 1899 4926 Leibnitii
2002 4855 2413 4924 adamatores
2502 4875 2629 4944 quo
2720 4853 2927 4947 magis
3010 4854 3300 4945 ignorant

230 5096 284 5179 ')
321 5102 728 5163 Leibnitz’s
769 5102 1134 5163 Dissertation
1177 5102 1248 5161 de
1289 5104 1562 5181 principio
1606 5105 1897 5181 individui,
1940 5100 2381 5177 berausgegeben
2422 5103 2539 5162 und
2578 5102 2810 5163 kritiseh
2852 5098 3161 5173 cingoleitet
3191 5112 3301 5155 von
3334 5080 3337 5085 ¹

103 5192 176 5254 Dc·
207 5205 270 5261 G.
310 5209 378 5267 E.
425 5210 811 5269 Guhrauer.
897 5212 1081 5269 Berlin
1132 5210 1318 5268 1837.

2856 5325 2897 5369 Β

97 595 198 662 dum
245 593 394 662 edita
445 604 616 666 sunt.
703 591 990 662 Plurima
1045 591 1305 684 quidem
1345 615 1474 662 non
1517 594 1638 662 nisi
1679 596 2028 686 fragmenta
2072 603 2249 675 sunt,
2304 613 2575 683 operum
2614 591 2751 662 sola
2796 593 3047 666 exordia
3060 645 3079 677 ,
3134 605 3275 680 nec,
3400 582 3411 595 ’
