3717 5850
1199 337 1272 396 Π.
1339 339 1444 396 DE
1471 339 1676 398 ARTE
1695 339 2270 400 OOMBINATORLA.
3264 341 3349 406 19

196 479 412 536 tandem
453 477 748 552 aliqtnmlo
787 477 1098 553 modorum,
1133 497 1267 538 nam
1295 482 1400 540 etsi
1434 482 1664 541 minime
1764 487 2019 542 trorsum.
2086 484 2499 541 Exti-orsum
2528 489 2717 542 autem
2748 487 2811 542 fit
2828 487 3078 561 angulus,
3108 497 3237 545 cum

195 569 504 644 permlgata
545 568 794 624 attulisse
826 583 1124 642 speramus,
1167 571 1336 628 habet
1375 576 1562 628 tamen
1604 577 1662 630 et

1761 574 1947 646 portio
1999 573 2185 630 circuli
2238 573 2383 629 inter
2432 573 2608 630 lineas
2662 576 2925 647 angulum
2978 577 3237 634 facientes

195 657 402 714 novitas
445 657 688 713 taedium
731 657 792 712 in
833 674 933 731 per
973 675 1036 714 se
1085 659 1361 716 taediosis.
1440 660 1534 717 Ab
1577 661 1662 718 in-
1761 661 2033 736 descripta
2060 679 2135 718 ex
2162 665 2367 734 puncto
2398 678 2689 718 concursus
2724 668 2989 736 tanquam
3020 669 3231 738 centro,

197 747 380 803 stimto
419 749 606 802 autem
637 746 838 802 abiisse
867 761 1034 802 nemo
1065 764 1172 804 nos
1205 749 1366 822 dicet,
1411 749 1508 822 qui
1541 766 1660 806 om-

195 836 284 890 nia
323 850 392 890 ex
447 834 646 890 intima
687 834 1058 890 variationum
1111 836 1362 894 doctrina
1414 838 1533 894 erui
1575 839 1658 895 vi-

198 923 354 980 derit:
394 938 536 996 quae
577 924 698 980 sola
727 939 900 996 prope
929 941 1030 997 per
1056 939 1220 982 omne
1253 926 1528 982 infinitum
1559 928 1660 984 ob-

197 1017 496 1084 sequentem
537 1012 650 1069 sibi
693 1011 844 1068 ducit
884 1013 1161 1086 animum3
1215 1019 1272 1071 et
1311 1015 1657 1072 harmoniam

195 1101 372 1157 mundi
399 1105 460 1158 et
487 1101 714 1157 intimas
745 1101 1174 1158 constructiones
1203 1117 1402 1177 rerum,
1435 1104 1654 1161 seriem-

195 1207 290 1263 que
329 1192 630 1246 formarum
673 1206 788 1246 una
811 1191 1208 1264 complectitur.
1273 1191 1442 1262 cnjus
1483 1193 1656 1250 incre-

196 1279 366 1335 dibilis
397 1279 616 1334 utilitas
647 1281 888 1352 perfecta
915 1280 1136 1337 demum
1165 1273 1522 1355 philosophia,
1557 1285 1656 1338 aut

120 1379 179 1433 34
197 1385 348 1440 prope
367 1369 628 1440 perfecta,
647 1371 796 1424 recte
815 1369 1208 1425 aestimabitur.
1260 1369 1408 1426 Nam
1429 1371 1656 1426 VIImus

196 1461 268 1512 oet
314 1457 373 1512 in
423 1455 819 1530 complicandis
871 1457 1058 1530 {igin-is
1107 1458 1448 1529 geometricis
1503 1476 1652 1532 usne,

194 1545 704 1619 quainreplaciem
738 1543 902 1618 fregit
928 1545 1070 1603 Joh.
1099 1547 1437 1621 Keplerus
1471 1548 1567 1605 lib.
1595 1548 1652 1602 2.

193 1631 585 1690 Harmonicczv.
664 1633 790 1691 Istis
831 1635 1364 1709 complicationibus,
1407 1653 1526 1693 non
1567 1653 1656 1692 so-

195 1725 294 1779 lum
311 1723 542 1779 infinitis
561 1723 724 1780 novis
745 1724 1168 1781 theorematibus
1187 1725 1508 1799 locupletari
1529 1742 1655 1798 geo-

195 1812 368 1868 metria
407 1817 624 1886 potest,
677 1829 826 1868 nova
867 1813 1018 1868 enim
1059 1813 1406 1887 complicatio
1447 1831 1654 1871 novam

197 1903 398 1973 figuram
438 1901 810 1974 compositam
851 1902 1035 1976 efficit,
1079 1902 1236 1972 cuius
1257 1903 1380 1972 jam
1411 1907 1654 1960 contem-

195 1991 372 2062 plando
413 1990 808 2064 proprietates,
863 2007 1010 2046 nova
1060 1992 1424 2065 theoremata,
1477 2009 1652 2049 novas

197 2079 670 2136 demonstrationes
713 2078 1070 2151 fabricamus,
1123 2080 1222 2137 sed
1263 2085 1346 2154 et,
1405 2079 1489 2151 (si
1533 2080 1654 2153 qui-

194 2168 304 2222 dem
337 2185 534 2224 verum
577 2171 664 2224 est
705 2169 936 2240 grandia
975 2184 1050 2224 ex
1093 2169 1306 2243 parvis,
1361 2171 1478 2226 sive
1519 2170 1652 2227 haec

193 2259 400 2330 atomos,
441 2256 570 2313 sive
612 2256 906 2312 moloculas
947 2273 1126 2330 vooes,
1157 2259 1442 2332 componi)
1487 2258 1650 2314 unica

193 2345 288 2400 ista
303 2347 476 2402 viaoet
497 2347 570 2401 in
587 2361 788 2402 arcana
805 2349 1036 2402 naturae
1055 2347 1393 2419 penetrandi.
1414 2347 1650 2412 Quando

193 2450 254 2490 eo
291 2434 508 2508 quisque
557 2434 848 2507 perfectim
889 2451 1008 2492 rem
1039 2451 1400 2510 congnoscere
1429 2436 1648 2508 dicitur,

191 2524 1650 2599 quomagisreipartoeetpartiumpartoe,earum-

191 2626 282 2683 que
320 2614 514 2686 figuras
561 2611 880 2686 positusque
931 2613 1186 2687 percepit.
1260 2614 1414 2670 Haec
1455 2615 1650 2687 figura-

189 2715 299 2755 rum
333 2701 472 2757 ratio
521 2701 768 2774 primum
817 2702 1090 2758 abstracte
1131 2701 1194 2760 in
1234 2703 1534 2775 geometria
1583 2719 1650 2758 ac

189 2789 548 2846 stereometria
589 2790 1030 2864 pervestiganda:
1075 2791 1205 2848 inde
1225 2792 1324 2848 ubi
1367 2792 1440 2848 ad
1481 2791 1650 2848 histo-

188 2878 312 2934 riam
347 2878 666 2936 naturalem
718 2879 1194 2954 existentiamque,
1249 2897 1345 2937 seu
1397 2881 1458 2937 id
1499 2880 1648 2954 quod

187 2982 355 3024 revera
391 2968 684 3025 inve-‚uitur
723 2968 784 3024 in
801 3038 808 3045 ,
825 2970 1162 3043 corporibus,
1206 2970 1506 3041 accesseris,
1540 2986 1650 3042 pa·-

189 3057 312 3113 tebit
347 3058 618 3129 physicae
672 3060 834 3131 porta
885 3058 1104 3132 ingens3
1157 3062 1214 3115 et
1255 3060 1649 3115 elementorum

195 3146 354 3219 facies,
387 3152 442 3203 et
469 3146 812 3219 qualitatum
844 3147 1002 3219 origo
1031 3152 1090 3203 et
1121 3148 1382 3221 mixtura,
1419 3150 1477 3204 et
1503 3146 1649 3203 mix-

195 3236 328 3291 uuae
365 3236 540 3309 origo,
589 3240 650 3291 et
690 3235 934 3293 mixtura
973 3236 1356 3309 mixturarum,
1401 3240 1459 3293 et
1500 3236 1650 3310 quic-

119 3328 181 3383 35
195 3322 310 3393 quid
346 3324 610 3381 hactenus
661 3322 724 3379 in
765 3328 966 3381 natura
1015 3327 1384 3399 stupebamm.
1459 3325 1649 3382 Caete-

195 3427 302 3467 rum
337 3413 560 3471 brerem
605 3417 824 3485 gustum
853 3413 1108 3471 dabimus
1139 3431 1250 3488 quo
1283 3414 1460 3487 magis
1486 3414 1650 3471 intel-

195 3499 402 3571 ligamur
415 3522 432 3557 :
474 3502 686 3575 Figura
727 3502 910 3559 omnis
951 3503 1190 3577 simplex
1229 3508 1330 3560 aut
1369 3502 1648 3559 rectilinea

195 3592 278 3644 aut
311 3591 614 3648 curvilinea
655 3594 751 3647 est.
816 3591 1151 3649 Rectilineae
1191 3609 1382 3649 omnoe
1411 3608 1650 3663 symme-

195 3680 314 3749 τηε,
330 3696 622 3737 commune
641 3679 790 3736 enim
809 3680 1058 3737 omnium
1075 3680 1433 3755 principium:
1454 3680 1649 3736 Trian-

199 3766 346 3836 gulus.
413 3770 506 3825 Ex
549 3767 710 3837 cuius
759 3769 928 3825 variis
969 3769 1646 3842 complicationibus

199 3859 498 3928 congruis
527 3872 728 3914 omnes
747 3858 1042 3929 Figurae
1057 3858 1374 3917 rectilineae
1393 3874 1648 3914 coeun-

199 3944 286 3997 tes
331 3946 422 4015 (id
477 3950 572 4003 est
623 3962 740 4002 non
790 3943 1038 4023 hiantes)
1093 3947 1358 4004 oriuntur.
1440 3947 1646 4003 Verum

191 4032 596 4092 umilinearum
645 4050 826 4107 neque
878 4035 1110 4093 circulus
1161 4036 1224 4093 in
1277 4036 1492 4092 ovalem
1543 4039 1644 4093 etc.

191 4134 348 4191 neque
383 4130 585 4181 eontra
625 4124 811 4181 reduci
852 4128 1057 4198 potest,
1103 4142 1282 4198 neque
1321 4125 1396 4180 ad
1437 4123 1644 4196 aliquid

191 4224 474 4269 commune
551 4212 764 4269 Neutra
813 4230 948 4292 vero
987 4214 1262 4287 triangulo
1305 4217 1363 4269 et
1405 4213 1646 4285 triangu-

191 4296 305 4353 latis
341 4306 689 4371 symmetros.
763 4301 938 4358 Porro
989 4303 1224 4376 quilibet
1261 4303 1492 4359 cimolos
1533 4301 1647 4357 cui-

191 4402 384 4459 cunque
433 4391 642 4447 cireulo
698 4393 782 4445 est
831 4396 1184 4464 symmetros,
1238 4408 1372 4447 nam
1415 4390 1647 4463 quilibet

191 4474 400 4533 cuilibet
437 4485 538 4535 aut
587 4479 960 4536 concentu-icus
1011 4484 1096 4537 est
1148 4484 1247 4536 aut
1287 4497 1406 4537 oese
1443 4478 1646 4535 intelli·

192 4562 337 4634 gitur.
401 4568 595 4624 Ovalis
625 4584 758 4625 vero
791 4568 880 4624 vel
907 4569 1148 4644 elliptica
1169 4586 1236 4625 ea
1263 4574 1482 4625 tantum
1499 4584 1649 4637 sym-

189 4656 378 4710 metros
417 4672 564 4729 quae
603 4658 946 4714 concentu-ica
986 4674 1104 4715 esse
1147 4658 1485 4731 intelligitur.
1559 4656 1648 4713 lta

191 4754 354 4814 neque
393 4744 578 4801 omnis
631 4746 806 4802 ovalis
857 4747 1010 4803 ovali
1049 4751 1378 4817 symmetros
1420 4750 1505 4803 est
1544 4749 1646 4801 etc.

194 4826 328 4887 Haec
379 4832 450 4889 de
499 4834 858 4908 simplicibus,
909 4834 1032 4905 jam
1074 4837 1147 4892 ad
1188 4836 1647 4909 complicationes.

121 4910 538 4994 3ssComp1imtio
578 4927 664 4979 est
703 4926 804 4979 aut
842 4940 1082 4997 congrua
1133 4928 1232 4981 aut
1271 4924 1442 4981 hians
1509 4924 1650 4979 Gon-

196 5022 316 5076 gma
355 5013 476 5067 tum
515 5028 642 5070 cum
683 5014 888 5085 figurae
937 5014 1274 5087 compositae
1324 5012 1502 5069 lineae
1553 5028 1650 5069 ex-

199 5096 386 5155 uerme
463 5112 568 5158 seu
635 5101 1146 5160 circumferentialoe
1217 5118 1499 5175 nunquam
1570 5103 1652 5157 fa-

200 5182 334 5242 dunt
389 5188 653 5263 angulum
713 5194 1054 5266 extr-orsum,
1134 5192 1232 5249 sed
1289 5208 1504 5265 semper
1565 5190 1650 5245 in·

1758 751 1909 807 eadit
1948 755 2109 808 extra
2150 753 2378 823 figuram
2432 751 2505 808 ad
2548 751 2703 821 cujus
2742 753 3231 810 circumferentiam

1757 839 1937 896 lineae
1990 841 2253 912 angulum
2304 839 2563 896 facientes
2606 840 2908 913 pertinent:
2964 842 3227 899 intror-

1756 945 1933 1000 sum,
1978 945 2105 984 cum
2146 929 2309 984 intra.
2355 929 2575 985 Hians
2618 933 2703 984 est
2744 931 3223 1005 complicatiO,

1754 1032 1881 1072 cum
1922 1016 2121 1090 aliquis
2148 1018 2378 1090 angulus
2407 1019 2471 1074 fit
2496 1022 2819 1074 extrorsum.
2874 1020 3103 1075 Stella
3130 1035 3227 1074 au·

1754 1110 1871 1162 tem
1913 1109 1997 1160 aet
2047 1105 2393 1179 complicatio
2446 1106 2629 1180 bianS,
2686 1106 2841 1176 cnjus
2884 1123 3075 1164 omnes
3114 1124 3227 1163 ra-

1755 1195 1855 1252 dii
1900 1193 1987 1264 (id
2028 1199 2111 1251 aet
2150 1194 2329 1250 lineae
2369 1195 2559 1252 stellae
2588 1195 3101 1252 circumferentiales
3129 1212 3229 1250 an·

1755 1283 1945 1356 gulum
1972 1287 2283 1340 extrorsum
2314 1284 2620 1357 facientes),
2666 1289 2797 1342 sunt
2824 1285 3103 1357 aequales,
3146 1283 3228 1340 ita

1753 1377 1820 1428 ut
1869 1371 1919 1426 si
1974 1372 2177 1428 circulo
2230 1371 2583 1445 inscribatur,
2642 1372 2846 1446 ubique
2888 1391 3017 1430 eum
3056 1372 3227 1429 radiis

1753 1463 1960 1532 tangat.
2024 1461 2311 1516 Caeterum
2350 1459 2564 1517 hiantes
2604 1462 2897 1533 figurarum
2938 1461 3227 1535 complica-

1753 1549 1931 1605 tionoe
1950 1552 2275 1606 texturas
2316 1565 2471 1621 voc0,
2490 1565 2755 1622 congruas
2779 1551 2998 1623 proprie
3040 1551 3229 1623 figu-

1753 1653 1886 1694 ras.
1962 1639 2105 1694 Sunt
2166 1642 2353 1694 tamen
2416 1643 2476 1694 et
2536 1638 2807 1709 quaedam
2864 1639 3322 1696 Texturae37

1755 1726 2142 1799 figuratae,
2173 1741 2309 1798 quas
2330 1730 2386 1782 et
2414 1725 2693 1798 figuras
2720 1727 3001 1783 hiantes
3028 1727 3101 1784 ad
3128 1743 3227 1799 op-

1751 1815 2085 1890 positionem
2111 1813 2517 1872 coeuntium
2544 1831 2697 1872 voco.
2765 1815 2895 1872 Jam
2920 1819 3049 1870 sunt
3078 1814 3227 1872 theo-

1751 1907 1991 1960 remata:
2050 1903 2105 1958 1.
2156 1903 2216 1960 Si
2256 1902 2399 1959 duae
2448 1905 2651 1976 figurae
2698 1907 3063 1974 asymmetrae
3096 1906 3229 1960 sunt

1751 1993 2042 2066 contiguae
2084 1991 2575 2066 (complicatio
2616 1991 2767 2048 enim
2792 1993 2881 2048 vel
2908 1992 3227 2048 immediata

1751 2086 1838 2138 est
1873 2080 2341 2154 contiguitaS,
2380 2082 2469 2138 vel
2508 2081 2777 2153 mediata,
2818 2081 2963 2137 inter
3000 2080 3225 2138 tertium

1751 2175 1808 2227 et
1849 2171 2117 2244 primum,
2155 2169 2369 2242 quoties
2405 2169 2631 2226 tertium
2666 2169 2985 2241 contiguum
3020 2172 3105 2224 est
3142 2186 3227 2226 se-

1749 2259 1947 2332 cundo,
1976 2263 2036 2315 et
2062 2259 2359 2314 secundum
2394 2258 2483 2314 vel
2518 2257 2757 2314 mediate
2792 2258 2883 2314 vel
2908 2257 3227 2316 immediate

1749 2348 1965 2422 primo)
1996 2347 2345 2420 complicatio
2372 2347 2434 2402 fit
2470 2347 2643 2402 hians.
2707 2346 2763 2402 2.
2792 2347 3227 2404 Curvilineamm

1749 2436 1895 2493 inter
1920 2454 1981 2492 se
2008 2453 2199 2492 omnes
2224 2435 2551 2507 contiguitas
2578 2439 2663 2492 est
2699 2434 2874 2509 luam,
2916 2435 3024 2492 nisi
3063 2435 3225 2492 alteri

1747 2525 2113 2582 circumdetur
2148 2526 2305 2581 Zona
2340 2525 2565 2580 alterius
2604 2525 2890 2594 symmetri
2928 2525 3059 2580 dato
3096 2541 3229 2580 con-

1748 2614 1987 2672 centrici.
2064 2615 2121 2669 3.
2160 2612 2502 2670 Curvilineae
2548 2629 2677 2670 cum
2726 2612 3006 2670 rectilinea
3042 2612 3225 2670 omnis

1748 2703 2077 2776 contiguitas
2105 2707 2191 2759 est
2226 2703 2399 2774 hians,
2440 2700 2551 2758 nisi
2593 2702 2654 2758 in
2680 2702 2863 2759 medio
2902 2703 3087 2758 Zonae
3125 2718 3223 2775 po-

1746 2797 1913 2849 natur
1938 2791 2233 2848 rectilinea.
2302 2792 2557 2847 Zonam
2580 2795 2767 2848 autem
2789 2807 2927 2848 voco
2944 2789 3225 2848 residuum

1747 2882 1810 2939 in
1837 2883 2011 2954 figura
2036 2879 2334 2938 curvilinea
2360 2878 2577 2953 majori,
2598 2883 2855 2954 exempta
2880 2879 3225 2938 concentu-ica

1747 2970 1967 3027 minori.
2014 2970 2082 3027 In
2108 2968 2465 3041 contiguitate
2484 2968 2887 3025 rectilinearum
2912 2972 3099 3024 autem
3124 2972 3225 3035 aut

1746 3060 1979 3132 angulus
2004 3058 2223 3131 angulo,
2253 3060 2353 3113 aut
2378 3057 2609 3129 angulus
2634 3056 2828 3129 lineae,
2858 3060 2955 3113 aut
2982 3055 3129 3113 linea
3156 3055 3223 3111 li—

1746 3165 1885 3205 neae
1912 3147 2229 3222 imponitur.
2305 3146 2362 3201 4.
2403 3145 2462 3201 Si
2488 3146 2719 3218 angulus
2756 3146 2959 3218 angulo
2987 3144 3223 3217 imponi-

1747 3242 1838 3295 tur
1865 3242 1963 3294 aut
1988 3237 2183 3309 lineae,
2204 3234 2529 3309 contiguitas
2556 3238 2641 3290 oet
2666 3234 2729 3291 in
2746 3238 2965 3309 puncto.
3008 3234 3064 3290 5.
3091 3233 3221 3289 Om-

1746 3326 1836 3383 nis
1863 3325 2285 3382 curvilinearum
2312 3324 2457 3381 inter
2482 3340 2541 3379 se
2581 3323 2907 3397 contiguitas
2944 3322 3101 3379 hians
3137 3325 3223 3381 est
3324 3372 3331 3378 .

1747 3415 1808 3472 in
1835 3420 2055 3488 puncto.
2126 3416 2183 3470 6.
2227 3412 2421 3470 Omnis
2456 3429 2646 3469 earum
2682 3430 2809 3469 cum
2846 3412 3009 3471 rectis
3044 3410 3221 3469 conti-

1747 3504 1927 3577 guitas
1954 3503 2124 3560 etiam
2150 3520 2263 3559 non
2290 3503 2465 3575 hians,
2496 3501 2703 3559 itidem.
2760 3502 2815 3557 7.
2844 3500 3015 3559 Linea
3042 3501 3223 3561 lineae

1747 3609 1865 3649 non
1900 3592 2013 3647 nisi
2049 3591 2293 3661 eiusdem
2333 3590 2545 3663 generis
2582 3590 2797 3664 imponi
2833 3594 3029 3665 potest,
3068 3606 3123 3645 v.
3165 3606 3219 3661 g.

1747 3684 1897 3739 recta
1928 3683 2137 3753 rectae,
2176 3679 2475 3736 curvilinea
2515 3677 2761 3747 eiusdem
2797 3678 3011 3751 generis
3044 3681 3103 3735 et
3138 3693 3221 3733 se·

1745 3768 1959 3825 ctionis.
2036 3768 2093 3823 8.
2130 3768 2188 3823 Si
2228 3768 2375 3825 linea
2412 3766 2593 3823 lineae
2629 3766 2846 3839 aequali
2883 3766 3215 3839 imponatur,

1745 3856 2075 3929 contiguitas
2132 3860 2219 3911 oet
2272 3870 2529 3926 congrua,
2586 3853 2637 3909 si
2692 3853 2983 3926 inaequali,
3040 3852 3217 3911 hians.

1747 3944 2165 4003 Observandum
2190 3948 2375 4001 autem
2402 3945 2489 3999 est
2513 3942 2692 4015 plures
2720 3944 2917 4014 figuras
2944 3940 3017 3998 ad
3044 3956 3217 3997 unum
3236 3957 3317 4013 33

1745 4038 2007 4109 punctum
2042 4033 2155 4089 suis
2193 4032 2407 4105 angulis
2444 4029 2701 4104 componi
2738 4046 2913 4105 posse,
2955 4045 3097 4102 quae
3132 4034 3219 4087 est

1747 4129 1967 4181 textura
1994 4122 2243 4181 omnium
2270 4120 2513 4177 maxime
2530 4120 2705 4175 hians.
2760 4119 2865 4176 Sed
2894 4123 2949 4175 et
2968 4118 3071 4175 hoc
3098 4118 3225 4175 ficri·
3262 4152 3271 4161 -

1745 4217 1941 4288 potest,
1972 4216 2035 4269 ut
2062 4212 2205 4287 duae
2230 4212 2319 4267 vel
2340 4211 2522 4285 pluroe
2540 4208 2827 4283 contiguae
2850 4208 2965 4264 sint
2984 4207 3214 4281 mantea,

1745 4302 1968 4359 accedat
1992 4318 2125 4357 vero
2153 4300 2317 4356 tertia
2344 4299 2433 4355 vel
2470 4300 2669 4373 plures,
2708 4301 2769 4353 et
2802 4297 3069 4353 efficiatur
3104 4314 3215 4353 una

1746 4394 1947 4465 figura,
1996 4407 2095 4447 seu
2134 4386 2482 4461 complicatio
2528 4402 2781 4460 congrua.
2860 4386 3022 4443 Unde
3070 4402 3217 4442 nova

1745 4479 2138 4551 contemplatio
2156 4477 2348 4550 oritur,
2370 4492 2511 4549 quae
2538 4476 2710 4548 figura
2736 4475 2825 4531 vel
2852 4478 3073 4531 textura
3098 4473 3219 4547 qui-

1747 4570 1850 4627 bus
1900 4567 2089 4623 addita
2140 4566 2307 4623 faciat
2342 4582 2417 4621 ex
2462 4568 2683 4621 textina
2732 4565 2975 4636 figuram.
3054 4563 3217 4628 Quod

1745 4672 1909 4715 nosse
1935 4655 2121 4730 magni
2148 4652 2415 4711 momenti
2452 4654 2537 4709 est
2572 4653 2647 4709 ad
2682 4668 2866 4709 rerum
2900 4652 3081 4711 hiatus
3118 4668 3217 4709 ex-

1747 4744 1993 4819 plendos.
2067 4744 2260 4801 Roetat
2296 4745 2360 4798 ut
2396 4740 2861 4814 computationem
2902 4757 2977 4797 ex
3012 4740 3217 4798 nostris

1747 4832 2048 4908 praeceptis
2084 4832 2433 4888 instituamus
2446 4870 2463 4903 ,
2506 4829 2581 4887 ad
2618 4844 2787 4903 quam
2823 4828 3117 4902 requiritur
3153 4833 3219 4885 ut

1747 4922 2139 4980 determinetur
2174 4936 2433 4977 numems
2472 4919 2767 4991 figurarum
2815 4918 2887 4975 ad
2934 4918 3217 4975 conficien-

1748 5013 1881 5069 dam
1916 5016 2225 5082 texturame,
2268 5012 2327 5065 et
2365 5005 2795 5064 determinentur
2832 5008 3033 5079 figurae
3070 5022 3219 5061 com-

1748 5100 2061 5175 plicandae3
2112 5103 2405 5170 utrumque
2441 5096 2593 5153 enim
2629 5095 2769 5151 alias
2810 5093 3083 5150 infinitum
3118 5096 3219 5149 oet.

1747 5190 1853 5246 Sed
1881 5192 1987 5247 hoc
2026 5188 2185 5246 facile
2221 5186 2449 5243 >cialibet
2478 5184 2649 5255 juxta
2684 5186 3039 5243 enumeratos-
3064 5197 3221 5239 casus

2504 5275 2539 5330 3
2568 5268 2603 5304 e
