<?xml version="1.0" encoding="UTF-8"?>
<!DOCTYPE html PUBLIC "-//W3C//DTD XHTML 1.0 Transitional//EN"
    "http://www.w3.org/TR/xhtml1/DTD/xhtml1-transitional.dtd">
<html xmlns="http://www.w3.org/1999/xhtml" xml:lang="en" lang="en">
 <head>
  <title>
</title>
<meta http-equiv="Content-Type" content="text/html;charset=utf-8" />
  <meta name='ocr-system' content='tesseract 3.04.00' />
  <meta name='ocr-capabilities' content='ocr_page ocr_carea ocr_par ocr_line ocrx_word'/>
</head>
<body>
  <div class='ocr_page' id='page_1' title='image "./godguilleibniti00erdmgoog_0142.png"; bbox 0 0 3717 5850; ppageno 0'>
   <div class='ocr_carea' id='block_1_1' title="bbox 1039 462 2967 826">
    <p class='ocr_par' dir='ltr' id='par_1_1' title="bbox 1039 462 2967 826">
     <span class='ocr_line' id='line_1_1' title="bbox 1863 462 2160 555; baseline -0.007 0"><span class='ocrx_word' id='word_1_1' title='bbox 1863 462 2160 555; x_wconf 87' lang='lat' dir='ltr'><strong>XXII.</strong></span> 
     </span>
     <span class='ocr_line' id='line_1_2' title="bbox 1039 650 2967 826; baseline 0.001 -55"><span class='ocrx_word' id='word_1_2' title='bbox 1039 651 2150 826; x_wconf 73' lang='lat' dir='ltr'><strong>DEFmTloNEs</strong></span> <span class='ocrx_word' id='word_1_3' title='bbox 2241 650 2967 773; x_wconf 77' lang='lat' dir='ltr'><strong>LoechE.</strong></span> 
     </span>
    </p>
   </div>
   <div class='ocr_carea' id='block_1_2' title="bbox 1849 897 2164 905">
    <p class='ocr_par' dir='ltr' id='par_1_2' title="bbox 1849 897 2164 905">
     <span class='ocr_line' id='line_1_3' title="bbox 1849 897 2164 905; baseline 0 4945"><span class='ocrx_word' id='word_1_4' title='bbox 1849 897 2164 905; x_wconf 95' lang='lat' dir='ltr'><strong> </strong></span> 
     </span>
    </p>
   </div>
   <div class='ocr_carea' id='block_1_3' title="bbox 688 996 3337 1062">
    <p class='ocr_par' dir='ltr' id='par_1_3' title="bbox 688 996 3337 1062">
     <span class='ocr_line' id='line_1_4' title="bbox 688 996 3337 1062; baseline -0.001 -17"><span class='ocrx_word' id='word_1_5' title='bbox 688 998 797 1053; x_wconf 68' lang='lat' dir='ltr'><strong>(tx</strong></span> <span class='ocrx_word' id='word_1_6' title='bbox 831 998 1173 1053; x_wconf 73' lang='lat' dir='ltr'><strong>Autographls</strong></span> <span class='ocrx_word' id='word_1_7' title='bbox 1208 1000 1511 1046; x_wconf 75' lang='lat' dir='ltr'><strong>Leibultlt</strong></span> <span class='ocrx_word' id='word_1_8' title='bbox 1545 1002 1760 1047; x_wconf 78' lang='lat' dir='ltr'><strong>noudum</strong></span> <span class='ocrx_word' id='word_1_9' title='bbox 1796 999 1960 1062; x_wconf 78' lang='lat' dir='ltr'><strong>editis,</strong></span> <span class='ocrx_word' id='word_1_10' title='bbox 1995 1000 2049 1045; x_wconf 83' lang='lat' dir='ltr'><strong>ln</strong></span> <span class='ocrx_word' id='word_1_11' title='bbox 2085 998 2394 1045; x_wconf 74' lang='lat' dir='ltr'><strong>Bibliotheca</strong></span> <span class='ocrx_word' id='word_1_12' title='bbox 2413 999 2570 1054; x_wconf 74' lang='lat' dir='ltr'><strong>Regia</strong></span> <span class='ocrx_word' id='word_1_13' title='bbox 2607 998 2946 1047; x_wconf 76' lang='lat' dir='ltr'><strong>flauoveraua</strong></span> <span class='ocrx_word' id='word_1_14' title='bbox 2980 996 3337 1052; x_wconf 57' lang='lat' dir='ltr'><strong>asservatis.)</strong></span> 
     </span>
    </p>
   </div>
   <div class='ocr_carea' id='block_1_4' title="bbox 1794 1144 2213 1153">
    <p class='ocr_par' dir='ltr' id='par_1_4' title="bbox 1794 1144 2213 1153">
     <span class='ocr_line' id='line_1_5' title="bbox 1794 1144 2213 1153; baseline 0 0"><span class='ocrx_word' id='word_1_15' title='bbox 1794 1146 1923 1153; x_wconf 43' lang='grc' dir='ltr'><strong>μή-</strong></span> <span class='ocrx_word' id='word_1_16' title='bbox 1948 1144 1992 1152; x_wconf 65' lang='grc'><strong>--</strong></span> <span class='ocrx_word' id='word_1_17' title='bbox 2022 1146 2128 1152; x_wconf 40' lang='grc' dir='ltr'>-.ρῇ-</span> <span class='ocrx_word' id='word_1_18' title='bbox 2144 1144 2213 1152; x_wconf 60' lang='grc' dir='ltr'><strong>--.ι</strong></span> 
     </span>
    </p>
   </div>
   <div class='ocr_carea' id='block_1_5' title="bbox 472 1261 3633 1339">
    <p class='ocr_par' dir='ltr' id='par_1_5' title="bbox 472 1261 3633 1339">
     <span class='ocr_line' id='line_1_6' title="bbox 472 1261 3633 1339; baseline 0 -20"><span class='ocrx_word' id='word_1_19' title='bbox 472 1264 524 1319; x_wconf 95' lang='grc'><strong>1.</strong></span> <span class='ocrx_word' id='word_1_20' title='bbox 567 1261 624 1317; x_wconf 99' lang='lat' dir='ltr'><strong>A</strong></span> <span class='ocrx_word' id='word_1_21' title='bbox 668 1261 1031 1319; x_wconf 77' lang='lat' dir='ltr'><strong>includere</strong></span> <span class='ocrx_word' id='word_1_22' title='bbox 1073 1261 1136 1333; x_wconf 89' lang='lat' dir='ltr'><strong>B,</strong></span> <span class='ocrx_word' id='word_1_23' title='bbox 1182 1262 1345 1318; x_wconf 85' lang='lat' dir='ltr'><strong>seuB</strong></span> <span class='ocrx_word' id='word_1_24' title='bbox 1386 1262 1589 1320; x_wconf 86' lang='lat' dir='ltr'><strong>includi</strong></span> <span class='ocrx_word' id='word_1_25' title='bbox 1635 1264 1801 1339; x_wconf 87' lang='lat' dir='ltr'>abA,</span> <span class='ocrx_word' id='word_1_26' title='bbox 1846 1262 2507 1324; x_wconf 83' lang='lat' dir='ltr'><strong>est-10.Notatu</strong></span> <span class='ocrx_word' id='word_1_27' title='bbox 2551 1266 2740 1320; x_wconf 89' lang='lat' dir='ltr'><strong>tamen</strong></span> <span class='ocrx_word' id='word_1_28' title='bbox 2781 1262 3009 1336; x_wconf 82' lang='lat' dir='ltr'><strong>(liguum</strong></span> <span class='ocrx_word' id='word_1_29' title='bbox 3051 1267 3168 1335; x_wconf 84' lang='lat' dir='ltr'><strong>est,</strong></span> <span class='ocrx_word' id='word_1_30' title='bbox 3229 1266 3352 1319; x_wconf 84' lang='lat' dir='ltr'><strong>tam</strong></span> <span class='ocrx_word' id='word_1_31' title='bbox 3395 1262 3633 1319; x_wconf 85' lang='lat' dir='ltr'><strong>subalter-</strong></span> 
     </span>
    </p>
   </div>
   <div class='ocr_carea' id='block_1_6' title="bbox 372 1260 3642 4356">
    <p class='ocr_par' dir='ltr' id='par_1_6' title="bbox 372 1260 3642 4355">
     <span class='ocr_line' id='line_1_7' title="bbox 376 1260 3632 1463; baseline 0 -55"><span class='ocrx_word' id='word_1_32' title='bbox 376 1352 447 1408; x_wconf 88' lang='lat' dir='ltr'><strong>de</strong></span> <span class='ocrx_word' id='word_1_33' title='bbox 488 1351 560 1424; x_wconf 98' lang='lat' dir='ltr'><strong>A,</strong></span> <span class='ocrx_word' id='word_1_34' title='bbox 606 1349 881 1423; x_wconf 88' lang='lat' dir='ltr'><strong>subjecto,</strong></span> <span class='ocrx_word' id='word_1_35' title='bbox 936 1350 1441 1408; x_wconf 88' lang='lat' dir='ltr'><strong>universaliter</strong></span> <span class='ocrx_word' id='word_1_36' title='bbox 1492 1354 1849 1411; x_wconf 81' lang='lat' dir='ltr'><strong>affirmari</strong></span> <span class='ocrx_word' id='word_1_37' title='bbox 1894 1356 2017 1463; x_wconf 98' lang='grc' dir='ltr'><strong>Β,</strong></span> <span class='ocrx_word' id='word_1_38' title='bbox 2005 1260 2014 1372; x_wconf 56' lang='grc' dir='ltr'>ἲ</span> <span class='ocrx_word' id='word_1_39' title='bbox 2058 1353 2342 1409; x_wconf 88' lang='lat' dir='ltr'><strong>nationem</strong></span> <span class='ocrx_word' id='word_1_40' title='bbox 2397 1368 2565 1425; x_wconf 89' lang='lat' dir='ltr'><strong>quam</strong></span> <span class='ocrx_word' id='word_1_41' title='bbox 2606 1352 3016 1409; x_wconf 84' lang='lat' dir='ltr'><strong>conversionem</strong></span> <span class='ocrx_word' id='word_1_42' title='bbox 3069 1367 3236 1425; x_wconf 86' lang='lat' dir='ltr'><strong>posse</strong></span> <span class='ocrx_word' id='word_1_43' title='bbox 3293 1350 3632 1408; x_wconf 85' lang='lat' dir='ltr'><strong>demonstrari</strong></span> 
     </span>
     <span class='ocr_line' id='line_1_8' title="bbox 376 1424 2668 1518; baseline 0 -21"><span class='ocrx_word' id='word_1_44' title='bbox 376 1439 763 1510; x_wconf 84' lang='lat' dir='ltr'><strong>praedicatum.</strong></span> <span class='ocrx_word' id='word_1_45' title='bbox 850 1438 1063 1494; x_wconf 89' lang='lat' dir='ltr'><strong>Veluti·</strong></span> <span class='ocrx_word' id='word_1_46' title='bbox 1106 1438 1323 1512; x_wconf 86' lang='lat' dir='ltr'><strong>sapiens</strong></span> <span class='ocrx_word' id='word_1_47' title='bbox 1352 1440 1583 1499; x_wconf 87' lang='lat' dir='ltr'><strong>includit</strong></span> <span class='ocrx_word' id='word_1_48' title='bbox 1601 1440 1834 1518; x_wconf 86' lang='lat' dir='ltr'><strong>justum,</strong></span> <span class='ocrx_word' id='word_1_49' title='bbox 1857 1424 2017 1501; x_wconf 87' lang='lat' dir='ltr'><strong>hoc</strong></span> <span class='ocrx_word' id='word_1_50' title='bbox 2059 1457 2168 1515; x_wconf 88' lang='lat' dir='ltr'><strong>ope</strong></span> <span class='ocrx_word' id='word_1_51' title='bbox 2209 1440 2668 1515; x_wconf 80' lang='lat' dir='ltr'>syllogismorum.</span> 
     </span>
     <span class='ocr_line' id='line_1_9' title="bbox 376 1526 3634 1602; baseline -0 -17"><span class='ocrx_word' id='word_1_52' title='bbox 376 1533 478 1602; x_wconf 84' lang='lat' dir='ltr'><strong>est,</strong></span> <span class='ocrx_word' id='word_1_53' title='bbox 528 1528 710 1584; x_wconf 88' lang='lat' dir='ltr'><strong>omnis</strong></span> <span class='ocrx_word' id='word_1_54' title='bbox 752 1526 967 1599; x_wconf 86' lang='lat' dir='ltr'><strong>sapiens</strong></span> <span class='ocrx_word' id='word_1_55' title='bbox 1010 1531 1093 1583; x_wconf 87' lang='lat' dir='ltr'><strong>est</strong></span> <span class='ocrx_word' id='word_1_56' title='bbox 1127 1526 1327 1596; x_wconf 87' lang='lat' dir='ltr'><strong>justus.</strong></span> <span class='ocrx_word' id='word_1_57' title='bbox 2161 1529 2255 1586; x_wconf 88' lang='lat'><strong>12.</strong></span> <span class='ocrx_word' id='word_1_58' title='bbox 2311 1528 2777 1602; x_wconf 84' lang='lat' dir='ltr'><strong>Syllogismus</strong></span> <span class='ocrx_word' id='word_1_59' title='bbox 2831 1528 3298 1600; x_wconf 82' lang='lat' dir='ltr'><strong>categoricus</strong></span> <span class='ocrx_word' id='word_1_60' title='bbox 3353 1527 3634 1601; x_wconf 83' lang='lat' dir='ltr'><strong>simplex</strong></span> 
     </span>
     <span class='ocr_line' id='line_1_10' title="bbox 470 1614 3635 1696; baseline -0 -24"><span class='ocrx_word' id='word_1_61' title='bbox 470 1616 526 1672; x_wconf 90' lang='lat'><strong>2.</strong></span> <span class='ocrx_word' id='word_1_62' title='bbox 569 1617 625 1672; x_wconf 90' lang='lat' dir='ltr'><strong>A</strong></span> <span class='ocrx_word' id='word_1_63' title='bbox 667 1614 1041 1672; x_wconf 82' lang='lat' dir='ltr'>excludere</span> <span class='ocrx_word' id='word_1_64' title='bbox 1084 1615 1147 1691; x_wconf 90' lang='lat' dir='ltr'><strong>B,</strong></span> <span class='ocrx_word' id='word_1_65' title='bbox 1194 1634 1291 1674; x_wconf 88' lang='lat' dir='ltr'><strong>seu</strong></span> <span class='ocrx_word' id='word_1_66' title='bbox 1334 1618 1381 1674; x_wconf 92' lang='lat' dir='ltr'>B</span> <span class='ocrx_word' id='word_1_67' title='bbox 1424 1619 1642 1675; x_wconf 83' lang='lat' dir='ltr'><strong>excludi</strong></span> <span class='ocrx_word' id='word_1_68' title='bbox 1686 1620 1759 1678; x_wconf 91' lang='lat' dir='ltr'><strong>ab</strong></span> <span class='ocrx_word' id='word_1_69' title='bbox 1781 1622 1836 1678; x_wconf 91' lang='lat' dir='ltr'>A</span> <span class='ocrx_word' id='word_1_70' title='bbox 1856 1627 1959 1696; x_wconf 79' lang='lat' dir='ltr'><strong>est,</strong></span> <span class='ocrx_word' id='word_1_71' title='bbox 2062 1624 2165 1694; x_wconf 84' lang='lat' dir='ltr'><strong>est,</strong></span> <span class='ocrx_word' id='word_1_72' title='bbox 2210 1618 2309 1690; x_wconf 90' lang='lat' dir='ltr'><strong>qui</strong></span> <span class='ocrx_word' id='word_1_73' title='bbox 2351 1618 2422 1675; x_wconf 89' lang='lat' dir='ltr'><strong>de</strong></span> <span class='ocrx_word' id='word_1_74' title='bbox 2459 1618 2768 1675; x_wconf 78' lang='lat' dir='ltr'><strong>inclusione</strong></span> <span class='ocrx_word' id='word_1_75' title='bbox 2808 1618 2896 1674; x_wconf 81' lang='lat' dir='ltr'><strong>vel</strong></span> <span class='ocrx_word' id='word_1_76' title='bbox 2925 1616 3247 1673; x_wconf 74' lang='lat' dir='ltr'><strong>exclusione</strong></span> <span class='ocrx_word' id='word_1_77' title='bbox 3273 1616 3508 1671; x_wconf 89' lang='lat' dir='ltr'><strong>duorum</strong></span> <span class='ocrx_word' id='word_1_78' title='bbox 3545 1622 3635 1672; x_wconf 74' lang='lat' dir='ltr'><strong>ter-</strong></span> 
     </span>
     <span class='ocr_line' id='line_1_11' title="bbox 376 1702 3634 1784; baseline 0 -23"><span class='ocrx_word' id='word_1_79' title='bbox 376 1704 447 1761; x_wconf 88' lang='lat' dir='ltr'><strong>de</strong></span> <span class='ocrx_word' id='word_1_80' title='bbox 489 1705 561 1779; x_wconf 88' lang='lat' dir='ltr'><strong>A,</strong></span> <span class='ocrx_word' id='word_1_81' title='bbox 609 1702 873 1777; x_wconf 85' lang='lat' dir='ltr'><strong>subjecte,</strong></span> <span class='ocrx_word' id='word_1_82' title='bbox 917 1704 1299 1763; x_wconf 85' lang='lat' dir='ltr'><strong>universaliter</strong></span> <span class='ocrx_word' id='word_1_83' title='bbox 1340 1707 1529 1779; x_wconf 85' lang='lat' dir='ltr'><strong>negari</strong></span> <span class='ocrx_word' id='word_1_84' title='bbox 1573 1709 1637 1782; x_wconf 89' lang='lat' dir='ltr'><strong>B,</strong></span> <span class='ocrx_word' id='word_1_85' title='bbox 1682 1711 1964 1784; x_wconf 78' lang='lat' dir='ltr'><strong>praedica-</strong></span> <span class='ocrx_word' id='word_1_86' title='bbox 2065 1708 2344 1765; x_wconf 88' lang='lat' dir='ltr'><strong>minorum</strong></span> <span class='ocrx_word' id='word_1_87' title='bbox 2387 1706 2534 1763; x_wconf 89' lang='lat' dir='ltr'><strong>inter</strong></span> <span class='ocrx_word' id='word_1_88' title='bbox 2575 1725 2650 1781; x_wconf 84' lang='lat' dir='ltr'><strong>se,</strong></span> <span class='ocrx_word' id='word_1_89' title='bbox 2695 1705 2904 1779; x_wconf 88' lang='lat' dir='ltr'><strong>aliquid</strong></span> <span class='ocrx_word' id='word_1_90' title='bbox 2947 1721 3044 1779; x_wconf 87' lang='lat' dir='ltr'><strong>per</strong></span> <span class='ocrx_word' id='word_1_91' title='bbox 3089 1705 3227 1761; x_wconf 83' lang='lat' dir='ltr'><strong>data</strong></span> <span class='ocrx_word' id='word_1_92' title='bbox 3257 1704 3330 1761; x_wconf 90' lang='lat' dir='ltr'><strong>de</strong></span> <span class='ocrx_word' id='word_1_93' title='bbox 3359 1704 3634 1762; x_wconf 74' lang='lat' dir='ltr'><strong>inclusione</strong></span> 
     </span>
     <span class='ocr_line' id='line_1_12' title="bbox 378 1783 3406 1872; baseline -0 -22"><span class='ocrx_word' id='word_1_94' title='bbox 378 1783 527 1850; x_wconf 80' lang='lat' dir='ltr'><strong>tum.-</strong></span> <span class='ocrx_word' id='word_1_95' title='bbox 604 1792 791 1848; x_wconf 87' lang='lat' dir='ltr'><strong>Veluti</strong></span> <span class='ocrx_word' id='word_1_96' title='bbox 837 1792 1021 1862; x_wconf 82' lang='lat' dir='ltr'><strong>justus</strong></span> <span class='ocrx_word' id='word_1_97' title='bbox 1077 1788 1322 1851; x_wconf 78' lang='lat' dir='ltr'><strong>excludit</strong></span> <span class='ocrx_word' id='word_1_98' title='bbox 1376 1796 1637 1853; x_wconf 85' lang='lat' dir='ltr'><strong>miserum</strong></span> <span class='ocrx_word' id='word_1_99' title='bbox 1649 1837 1667 1872; x_wconf 95' lang='lat'>,</span> <span class='ocrx_word' id='word_1_100' title='bbox 1724 1800 1827 1856; x_wconf 86' lang='lat' dir='ltr'><strong>hoc</strong></span> <span class='ocrx_word' id='word_1_101' title='bbox 1879 1804 1964 1858; x_wconf 87' lang='lat' dir='ltr'><strong>est</strong></span> <span class='ocrx_word' id='word_1_102' title='bbox 2065 1798 2157 1854; x_wconf 82' lang='lat' dir='ltr'><strong>vel</strong></span> <span class='ocrx_word' id='word_1_103' title='bbox 2201 1795 2518 1852; x_wconf 81' lang='lat' dir='ltr'><strong>exclusione</strong></span> <span class='ocrx_word' id='word_1_104' title='bbox 2559 1796 2710 1853; x_wconf 80' lang='lat' dir='ltr'><strong>tertii</strong></span> <span class='ocrx_word' id='word_1_105' title='bbox 2751 1798 2997 1868; x_wconf 86' lang='lat' dir='ltr'><strong>respectu</strong></span> <span class='ocrx_word' id='word_1_106' title='bbox 3039 1792 3406 1867; x_wconf 82' lang='lat' dir='ltr'><strong>singularum.</strong></span> 
     </span>
     <span class='ocr_line' id='line_1_13' title="bbox 376 1880 3632 1955; baseline 0 -18"><span class='ocrx_word' id='word_1_107' title='bbox 376 1882 560 1938; x_wconf 87' lang='lat' dir='ltr'><strong>nullus</strong></span> <span class='ocrx_word' id='word_1_108' title='bbox 595 1880 778 1950; x_wconf 86' lang='lat' dir='ltr'><strong>justus</strong></span> <span class='ocrx_word' id='word_1_109' title='bbox 822 1885 905 1937; x_wconf 68' lang='lat' dir='ltr'><strong>est</strong></span> <span class='ocrx_word' id='word_1_110' title='bbox 936 1881 1117 1937; x_wconf 84' lang='lat' dir='ltr'><strong>miser.</strong></span> <span class='ocrx_word' id='word_1_111' title='bbox 2161 1886 2258 1942; x_wconf 86' lang='lat'><strong>13.</strong></span> <span class='ocrx_word' id='word_1_112' title='bbox 2301 1884 2587 1941; x_wconf 89' lang='lat' dir='ltr'><strong>Includens</strong></span> <span class='ocrx_word' id='word_1_113' title='bbox 2629 1882 2958 1941; x_wconf 78' lang='lat' dir='ltr'><strong>includentis</strong></span> <span class='ocrx_word' id='word_1_114' title='bbox 2999 1888 3083 1938; x_wconf 85' lang='lat' dir='ltr'><strong>est</strong></span> <span class='ocrx_word' id='word_1_115' title='bbox 3124 1882 3420 1939; x_wconf 86' lang='lat' dir='ltr'><strong>includens</strong></span> <span class='ocrx_word' id='word_1_116' title='bbox 3448 1882 3632 1955; x_wconf 87' lang='lat' dir='ltr'><strong>inclusi,</strong></span> 
     </span>
     <span class='ocr_line' id='line_1_14' title="bbox 470 1968 3635 2055; baseline 0.001 -30"><span class='ocrx_word' id='word_1_117' title='bbox 470 1970 527 2025; x_wconf 85' lang='lat'><strong>3.</strong></span> <span class='ocrx_word' id='word_1_118' title='bbox 570 1968 681 2035; x_wconf 88' lang='lat' dir='ltr'><strong>Qui</strong></span> <span class='ocrx_word' id='word_1_119' title='bbox 724 1973 959 2042; x_wconf 87' lang='lat' dir='ltr'><strong>negat,</strong></span> <span class='ocrx_word' id='word_1_120' title='bbox 1004 1970 1059 2025; x_wconf 91' lang='lat' dir='ltr'>A</span> <span class='ocrx_word' id='word_1_121' title='bbox 1100 1971 1461 2029; x_wconf 78' lang='lat' dir='ltr'><strong>includere</strong></span> <span class='ocrx_word' id='word_1_122' title='bbox 1504 1974 1581 2046; x_wconf 96' lang='grc' dir='ltr'><strong>Β,</strong></span> <span class='ocrx_word' id='word_1_123' title='bbox 1624 1974 1675 2030; x_wconf 88' lang='lat' dir='ltr'><strong>is</strong></span> <span class='ocrx_word' id='word_1_124' title='bbox 1718 1975 1789 2033; x_wconf 90' lang='lat' dir='ltr'><strong>de</strong></span> <span class='ocrx_word' id='word_1_125' title='bbox 1830 1992 1964 2049; x_wconf 88' lang='lat' dir='ltr'><strong>quo-</strong></span> <span class='ocrx_word' id='word_1_126' title='bbox 2005 2011 2018 2055; x_wconf 71' lang='lat'><strong>.⁹</strong></span> <span class='ocrx_word' id='word_1_127' title='bbox 2065 1992 2160 2031; x_wconf 89' lang='lat' dir='ltr'><strong>seu</strong></span> <span class='ocrx_word' id='word_1_128' title='bbox 2203 1974 2253 2031; x_wconf 85' lang='lat' dir='ltr'><strong>si</strong></span> <span class='ocrx_word' id='word_1_129' title='bbox 2296 1974 2351 2030; x_wconf 87' lang='lat' dir='ltr'>A</span> <span class='ocrx_word' id='word_1_130' title='bbox 2393 1972 2625 2030; x_wconf 84' lang='lat' dir='ltr'><strong>includit</strong></span> <span class='ocrx_word' id='word_1_131' title='bbox 2675 1974 2722 2030; x_wconf 91' lang='lat' dir='ltr'>B</span> <span class='ocrx_word' id='word_1_132' title='bbox 2763 1978 2821 2029; x_wconf 90' lang='lat' dir='ltr'><strong>et</strong></span> <span class='ocrx_word' id='word_1_133' title='bbox 2871 1972 2918 2027; x_wconf 91' lang='lat' dir='ltr'><strong>B</strong></span> <span class='ocrx_word' id='word_1_134' title='bbox 2975 1971 3214 2028; x_wconf 85' lang='lat' dir='ltr'><strong>includit</strong></span> <span class='ocrx_word' id='word_1_135' title='bbox 3257 1972 3328 2044; x_wconf 93' lang='grc' dir='ltr'>Ο,</span> <span class='ocrx_word' id='word_1_136' title='bbox 3385 1970 3545 2027; x_wconf 85' lang='lat' dir='ltr'><strong>etiam</strong></span> <span class='ocrx_word' id='word_1_137' title='bbox 3591 1972 3635 2027; x_wconf 83' lang='lat' dir='ltr'><strong>A</strong></span> 
     </span>
     <span class='ocr_line' id='line_1_15' title="bbox 376 2056 2406 2136; baseline 0.001 -21"><span class='ocrx_word' id='word_1_138' title='bbox 376 2058 511 2115; x_wconf 79' lang='lat' dir='ltr'><strong>dam</strong></span> <span class='ocrx_word' id='word_1_139' title='bbox 549 2056 795 2126; x_wconf 87' lang='lat' dir='ltr'><strong>subjecto</strong></span> <span class='ocrx_word' id='word_1_140' title='bbox 838 2058 892 2113; x_wconf 88' lang='lat' dir='ltr'><strong>A</strong></span> <span class='ocrx_word' id='word_1_141' title='bbox 932 2064 1099 2131; x_wconf 88' lang='lat' dir='ltr'><strong>negat</strong></span> <span class='ocrx_word' id='word_1_142' title='bbox 1137 2060 1507 2134; x_wconf 83' lang='lat' dir='ltr'><strong>praedicatum</strong></span> <span class='ocrx_word' id='word_1_143' title='bbox 1545 2062 1609 2136; x_wconf 87' lang='grc' dir='ltr'><strong>Β,</strong></span> <span class='ocrx_word' id='word_1_144' title='bbox 1656 2080 1751 2121; x_wconf 85' lang='lat' dir='ltr'><strong>seu</strong></span> <span class='ocrx_word' id='word_1_145' title='bbox 1792 2082 1964 2121; x_wconf 88' lang='lat' dir='ltr'><strong>enun-</strong></span> <span class='ocrx_word' id='word_1_146' title='bbox 2063 2062 2308 2120; x_wconf 89' lang='lat' dir='ltr'><strong>includet</strong></span> <span class='ocrx_word' id='word_1_147' title='bbox 2347 2061 2406 2118; x_wconf 92' lang='grc' dir='ltr'><strong>Ο.</strong></span> 
     </span>
     <span class='ocr_line' id='line_1_16' title="bbox 378 2121 3631 2262; baseline -0.001 -57"><span class='ocrx_word' id='word_1_148' title='bbox 378 2148 485 2205; x_wconf 81' lang='lat' dir='ltr'><strong>tiat</strong></span> <span class='ocrx_word' id='word_1_149' title='bbox 526 2147 1031 2233; x_wconf 76' lang='lat' dir='ltr'><strong>particularem</strong></span> <span class='ocrx_word' id='word_1_150' title='bbox 1084 2148 1495 2220; x_wconf 80' lang='lat' dir='ltr'><strong>negativam.</strong></span> <span class='ocrx_word' id='word_1_151' title='bbox 1580 2153 1689 2209; x_wconf 89' lang='lat' dir='ltr'><strong>Seu</strong></span> <span class='ocrx_word' id='word_1_152' title='bbox 1730 2153 1827 2226; x_wconf 89' lang='lat' dir='ltr'><strong>qui</strong></span> <span class='ocrx_word' id='word_1_153' title='bbox 1869 2170 1965 2211; x_wconf 85' lang='lat' dir='ltr'><strong>ne-</strong></span> <span class='ocrx_word' id='word_1_154' title='bbox 2013 2121 2019 2262; x_wconf 67' lang='grc'>.</span> <span class='ocrx_word' id='word_1_155' title='bbox 2159 2150 2597 2208; x_wconf 86' lang='lat' dir='ltr'><strong>14.1ncludens</strong></span> <span class='ocrx_word' id='word_1_156' title='bbox 2627 2148 2968 2207; x_wconf 86' lang='lat' dir='ltr'><strong>excludentis</strong></span> <span class='ocrx_word' id='word_1_157' title='bbox 3001 2146 3409 2205; x_wconf 83' lang='lat' dir='ltr'><strong>estexcludens</strong></span> <span class='ocrx_word' id='word_1_158' title='bbox 3430 2148 3631 2221; x_wconf 79' lang='lat' dir='ltr'><strong>exclusi,</strong></span> 
     </span>
     <span class='ocr_line' id='line_1_17' title="bbox 379 2233 3636 2330; baseline 0 -38"><span class='ocrx_word' id='word_1_159' title='bbox 379 2240 475 2310; x_wconf 83' lang='lat' dir='ltr'><strong>gat</strong></span> <span class='ocrx_word' id='word_1_160' title='bbox 507 2233 663 2304; x_wconf 82' lang='lat' dir='ltr'><strong>justo</strong></span> <span class='ocrx_word' id='word_1_161' title='bbox 713 2235 921 2293; x_wconf 89' lang='lat' dir='ltr'><strong>includi</strong></span> <span class='ocrx_word' id='word_1_162' title='bbox 975 2237 1312 2293; x_wconf 79' lang='lat' dir='ltr'><strong>fortunatum</strong></span> <span class='ocrx_word' id='word_1_163' title='bbox 1326 2277 1343 2311; x_wconf 93' lang='lat'>,</span> <span class='ocrx_word' id='word_1_164' title='bbox 1400 2239 1651 2296; x_wconf 82' lang='lat' dir='ltr'><strong>enuntiat</strong></span> <span class='ocrx_word' id='word_1_165' title='bbox 1692 2244 2020 2330; x_wconf 84' lang='lat' dir='ltr'><strong>quendam</strong></span> <span class='ocrx_word' id='word_1_166' title='bbox 2065 2258 2161 2297; x_wconf 86' lang='lat' dir='ltr'><strong>seu</strong></span> <span class='ocrx_word' id='word_1_167' title='bbox 2213 2241 2263 2297; x_wconf 89' lang='lat' dir='ltr'><strong>si</strong></span> <span class='ocrx_word' id='word_1_168' title='bbox 2318 2240 2374 2295; x_wconf 88' lang='lat' dir='ltr'>A</span> <span class='ocrx_word' id='word_1_169' title='bbox 2415 2238 2648 2297; x_wconf 86' lang='lat' dir='ltr'><strong>includit</strong></span> <span class='ocrx_word' id='word_1_170' title='bbox 2689 2240 2736 2295; x_wconf 92' lang='lat' dir='ltr'>B</span> <span class='ocrx_word' id='word_1_171' title='bbox 2777 2242 2835 2295; x_wconf 86' lang='lat' dir='ltr'><strong>et</strong></span> <span class='ocrx_word' id='word_1_172' title='bbox 2889 2238 2936 2294; x_wconf 93' lang='lat' dir='ltr'>B</span> <span class='ocrx_word' id='word_1_173' title='bbox 2977 2237 3228 2295; x_wconf 79' lang='lat' dir='ltr'><strong>excludit</strong></span> <span class='ocrx_word' id='word_1_174' title='bbox 3271 2238 3344 2309; x_wconf 91' lang='lat' dir='ltr'><strong>G,</strong></span> <span class='ocrx_word' id='word_1_175' title='bbox 3398 2238 3557 2293; x_wconf 84' lang='lat' dir='ltr'><strong>etiam</strong></span> <span class='ocrx_word' id='word_1_176' title='bbox 3591 2238 3636 2293; x_wconf 82' lang='lat' dir='ltr'><strong>A</strong></span> 
     </span>
     <span class='ocr_line' id='line_1_18' title="bbox 372 2325 2420 2402; baseline 0 -19"><span class='ocrx_word' id='word_1_177' title='bbox 372 2325 588 2395; x_wconf 79' lang='lat' dir='ltr'><strong>justum</strong></span> <span class='ocrx_word' id='word_1_178' title='bbox 630 2341 746 2381; x_wconf 88' lang='lat' dir='ltr'><strong>non</strong></span> <span class='ocrx_word' id='word_1_179' title='bbox 788 2342 906 2383; x_wconf 71' lang='lat' dir='ltr'><strong>esse</strong></span> <span class='ocrx_word' id='word_1_180' title='bbox 934 2327 1290 2383; x_wconf 83' lang='lat' dir='ltr'><strong>fortunatum.</strong></span> <span class='ocrx_word' id='word_1_181' title='bbox 1377 2327 1523 2384; x_wconf 91' lang='lat' dir='ltr'><strong>Nam</strong></span> <span class='ocrx_word' id='word_1_182' title='bbox 1567 2329 1617 2384; x_wconf 91' lang='lat' dir='ltr'><strong>si</strong></span> <span class='ocrx_word' id='word_1_183' title='bbox 1660 2331 1840 2390; x_wconf 88' lang='lat' dir='ltr'><strong>omnis</strong></span> <span class='ocrx_word' id='word_1_184' title='bbox 1877 2331 1967 2402; x_wconf 90' lang='lat' dir='ltr'><strong>ju·</strong></span> <span class='ocrx_word' id='word_1_185' title='bbox 2016 2369 2021 2384; x_wconf 86' lang='lat'><strong>.</strong></span> <span class='ocrx_word' id='word_1_186' title='bbox 2066 2328 2320 2386; x_wconf 86' lang='lat' dir='ltr'><strong>excludet</strong></span> <span class='ocrx_word' id='word_1_187' title='bbox 2361 2327 2420 2383; x_wconf 94' lang='grc' dir='ltr'><strong>Ο.</strong></span> 
     </span>
     <span class='ocr_line' id='line_1_19' title="bbox 381 2412 3634 2515; baseline -0.001 -45"><span class='ocrx_word' id='word_1_188' title='bbox 381 2417 497 2470; x_wconf 85' lang='lat' dir='ltr'><strong>stus</strong></span> <span class='ocrx_word' id='word_1_189' title='bbox 539 2418 682 2470; x_wconf 83' lang='lat' dir='ltr'><strong>esset</strong></span> <span class='ocrx_word' id='word_1_190' title='bbox 724 2416 1050 2515; x_wconf 71' lang='lat' dir='ltr'><strong>fortunatae,</strong></span> <span class='ocrx_word' id='word_1_191' title='bbox 1096 2414 1371 2489; x_wconf 80' lang='lat' dir='ltr'><strong>(intellige</strong></span> <span class='ocrx_word' id='word_1_192' title='bbox 1411 2415 1507 2490; x_wconf 91' lang='lat' dir='ltr'><strong>qui</strong></span> <span class='ocrx_word' id='word_1_193' title='bbox 1550 2422 1662 2491; x_wconf 90' lang='lat' dir='ltr'><strong>est,</strong></span> <span class='ocrx_word' id='word_1_194' title='bbox 1709 2420 1832 2494; x_wconf 79' lang='lat' dir='ltr'><strong>fuit,</strong></span> <span class='ocrx_word' id='word_1_195' title='bbox 1881 2422 1966 2477; x_wconf 81' lang='lat' dir='ltr'><strong>fu-</strong></span> <span class='ocrx_word' id='word_1_196' title='bbox 2165 2418 2264 2476; x_wconf 87' lang='lat'><strong>15.</strong></span> <span class='ocrx_word' id='word_1_197' title='bbox 2311 2416 2599 2473; x_wconf 75' lang='lat' dir='ltr'><strong>includens</strong></span> <span class='ocrx_word' id='word_1_198' title='bbox 2625 2415 2968 2473; x_wconf 78' lang='lat' dir='ltr'><strong>excludentis</strong></span> <span class='ocrx_word' id='word_1_199' title='bbox 3001 2419 3086 2471; x_wconf 87' lang='lat' dir='ltr'><strong>est</strong></span> <span class='ocrx_word' id='word_1_200' title='bbox 3115 2412 3408 2470; x_wconf 87' lang='lat' dir='ltr'><strong>exclusum</strong></span> <span class='ocrx_word' id='word_1_201' title='bbox 3435 2414 3634 2484; x_wconf 83' lang='lat' dir='ltr'><strong>exclusi,</strong></span> 
     </span>
     <span class='ocr_line' id='line_1_20' title="bbox 380 2501 3635 2581; baseline -0 -22"><span class='ocrx_word' id='word_1_202' title='bbox 380 2508 603 2559; x_wconf 82' lang='lat' dir='ltr'><strong>turusve</strong></span> <span class='ocrx_word' id='word_1_203' title='bbox 643 2504 794 2576; x_wconf 70' lang='lat' dir='ltr'><strong>est),</strong></span> <span class='ocrx_word' id='word_1_204' title='bbox 843 2502 967 2573; x_wconf 84' lang='lat' dir='ltr'><strong>jam</strong></span> <span class='ocrx_word' id='word_1_205' title='bbox 1008 2504 1119 2562; x_wconf 88' lang='lat' dir='ltr'><strong>dici</strong></span> <span class='ocrx_word' id='word_1_206' title='bbox 1170 2508 1383 2579; x_wconf 84' lang='lat' dir='ltr'><strong>posset,</strong></span> <span class='ocrx_word' id='word_1_207' title='bbox 1429 2505 1600 2581; x_wconf 82' lang='lat' dir='ltr'><strong>omni,</strong></span> <span class='ocrx_word' id='word_1_208' title='bbox 1654 2509 1751 2581; x_wconf 89' lang='lat' dir='ltr'><strong>qui</strong></span> <span class='ocrx_word' id='word_1_209' title='bbox 1784 2508 1968 2579; x_wconf 83' lang='lat' dir='ltr'><strong>Justus</strong></span> <span class='ocrx_word' id='word_1_210' title='bbox 2068 2524 2165 2563; x_wconf 88' lang='lat' dir='ltr'><strong>seu</strong></span> <span class='ocrx_word' id='word_1_211' title='bbox 2217 2506 2266 2561; x_wconf 87' lang='lat' dir='ltr'><strong>si</strong></span> <span class='ocrx_word' id='word_1_212' title='bbox 2319 2504 2374 2560; x_wconf 97' lang='lat' dir='ltr'><strong>A</strong></span> <span class='ocrx_word' id='word_1_213' title='bbox 2415 2504 2649 2561; x_wconf 88' lang='lat' dir='ltr'><strong>includit</strong></span> <span class='ocrx_word' id='word_1_214' title='bbox 2689 2504 2736 2561; x_wconf 92' lang='lat' dir='ltr'><strong>B</strong></span> <span class='ocrx_word' id='word_1_215' title='bbox 2789 2508 2846 2560; x_wconf 92' lang='lat' dir='ltr'><strong>et</strong></span> <span class='ocrx_word' id='word_1_216' title='bbox 2888 2505 2936 2561; x_wconf 89' lang='lat' dir='ltr'>B</span> <span class='ocrx_word' id='word_1_217' title='bbox 2977 2501 3225 2560; x_wconf 87' lang='lat' dir='ltr'><strong>excludit</strong></span> <span class='ocrx_word' id='word_1_218' title='bbox 3281 2503 3354 2576; x_wconf 92' lang='lat' dir='ltr'><strong>C,</strong></span> <span class='ocrx_word' id='word_1_219' title='bbox 3409 2501 3564 2559; x_wconf 79' lang='lat' dir='ltr'><strong>etiam</strong></span> <span class='ocrx_word' id='word_1_220' title='bbox 3599 2504 3635 2557; x_wconf 90' lang='lat' dir='ltr'>C</span> 
     </span>
     <span class='ocr_line' id='line_1_21' title="bbox 380 2565 3636 2667; baseline -0.001 -20"><span class='ocrx_word' id='word_1_221' title='bbox 380 2596 481 2665; x_wconf 88' lang='lat' dir='ltr'><strong>est,</strong></span> <span class='ocrx_word' id='word_1_222' title='bbox 525 2590 703 2648; x_wconf 75' lang='lat' dir='ltr'><strong>inesse</strong></span> <span class='ocrx_word' id='word_1_223' title='bbox 756 2594 1121 2666; x_wconf 84' lang='lat' dir='ltr'><strong>fortunatum,</strong></span> <span class='ocrx_word' id='word_1_224' title='bbox 1164 2593 1350 2667; x_wconf 88' lang='lat' dir='ltr'><strong>itaque</strong></span> <span class='ocrx_word' id='word_1_225' title='bbox 1392 2593 1575 2664; x_wconf 88' lang='lat' dir='ltr'><strong>justus</strong></span> <span class='ocrx_word' id='word_1_226' title='bbox 1627 2598 1968 2654; x_wconf 73' lang='lat' dir='ltr'><strong>fortunatum</strong></span> <span class='ocrx_word' id='word_1_227' title='bbox 2017 2565 2022 2614; x_wconf 71' lang='grc' dir='ltr'>Ι</span> <span class='ocrx_word' id='word_1_228' title='bbox 2069 2594 2310 2652; x_wconf 82' lang='lat' dir='ltr'><strong>excludit</strong></span> <span class='ocrx_word' id='word_1_229' title='bbox 2353 2593 2427 2652; x_wconf 86' lang='lat' dir='ltr'><strong>A.</strong></span> <span class='ocrx_word' id='word_1_230' title='bbox 2517 2593 2769 2666; x_wconf 84' lang='lat' dir='ltr'><strong>Sequitur</strong></span> <span class='ocrx_word' id='word_1_231' title='bbox 2809 2608 2884 2649; x_wconf 89' lang='lat' dir='ltr'><strong>ex</strong></span> <span class='ocrx_word' id='word_1_232' title='bbox 2925 2592 3316 2665; x_wconf 74' lang='lat' dir='ltr'><strong>praecedente,</strong></span> <span class='ocrx_word' id='word_1_233' title='bbox 3376 2591 3636 2647; x_wconf 76' lang='lat' dir='ltr'><strong>accedente</strong></span> 
     </span>
     <span class='ocr_line' id='line_1_22' title="bbox 380 2677 3634 2755; baseline -0.001 -18"><span class='ocrx_word' id='word_1_234' title='bbox 380 2679 624 2737; x_wconf 85' lang='lat' dir='ltr'><strong>includet</strong></span> <span class='ocrx_word' id='word_1_235' title='bbox 664 2685 857 2738; x_wconf 86' lang='lat' dir='ltr'><strong>contra</strong></span> <span class='ocrx_word' id='word_1_236' title='bbox 886 2680 1227 2755; x_wconf 84' lang='lat' dir='ltr'><strong>hypothesin.</strong></span> <span class='ocrx_word' id='word_1_237' title='bbox 2068 2684 2174 2741; x_wconf 92' lang='lat' dir='ltr'><strong>No.</strong></span> <span class='ocrx_word' id='word_1_238' title='bbox 2201 2684 2258 2739; x_wconf 85' lang='grc'><strong>8.</strong></span> <span class='ocrx_word' id='word_1_239' title='bbox 2289 2712 2362 2725; x_wconf 93' lang='grc'>-</span> <span class='ocrx_word' id='word_1_240' title='bbox 2402 2682 2546 2739; x_wconf 88' lang='lat' dir='ltr'><strong>Hinc</strong></span> <span class='ocrx_word' id='word_1_241' title='bbox 2589 2682 2856 2739; x_wconf 87' lang='lat' dir='ltr'><strong>mutando</strong></span> <span class='ocrx_word' id='word_1_242' title='bbox 2899 2683 2944 2738; x_wconf 93' lang='lat' dir='ltr'>C</span> <span class='ocrx_word' id='word_1_243' title='bbox 2985 2682 3046 2737; x_wconf 90' lang='lat' dir='ltr'><strong>in</strong></span> <span class='ocrx_word' id='word_1_244' title='bbox 3091 2681 3162 2753; x_wconf 88' lang='lat' dir='ltr'><strong>A,</strong></span> <span class='ocrx_word' id='word_1_245' title='bbox 3211 2683 3273 2735; x_wconf 85' lang='lat' dir='ltr'><strong>et</strong></span> <span class='ocrx_word' id='word_1_246' title='bbox 3293 2677 3518 2751; x_wconf 71' lang='lat' dir='ltr'><strong>‘conti-a,</strong></span> <span class='ocrx_word' id='word_1_247' title='bbox 3557 2694 3634 2735; x_wconf 79' lang='lat' dir='ltr'><strong>ex-</strong></span> 
     </span>
     <span class='ocr_line' id='line_1_23' title="bbox 474 2766 3636 2849; baseline -0.001 -24"><span class='ocrx_word' id='word_1_248' title='bbox 474 2769 533 2826; x_wconf 83' lang='lat'><strong>4.</strong></span> <span class='ocrx_word' id='word_1_249' title='bbox 579 2768 689 2833; x_wconf 84' lang='lat' dir='ltr'><strong>Qui</strong></span> <span class='ocrx_word' id='word_1_250' title='bbox 732 2774 943 2843; x_wconf 87' lang='lat' dir='ltr'><strong>negat</strong></span> <span class='ocrx_word' id='word_1_251' title='bbox 984 2772 1039 2827; x_wconf 85' lang='lat' dir='ltr'><strong>A</strong></span> <span class='ocrx_word' id='word_1_252' title='bbox 1080 2773 1455 2829; x_wconf 80' lang='lat' dir='ltr'><strong>excludere</strong></span> <span class='ocrx_word' id='word_1_253' title='bbox 1496 2774 1571 2847; x_wconf 91' lang='lat' dir='ltr'><strong>B,</strong></span> <span class='ocrx_word' id='word_1_254' title='bbox 1626 2774 1678 2831; x_wconf 89' lang='lat' dir='ltr'><strong>is</strong></span> <span class='ocrx_word' id='word_1_255' title='bbox 1721 2774 1791 2831; x_wconf 87' lang='lat' dir='ltr'><strong>de</strong></span> <span class='ocrx_word' id='word_1_256' title='bbox 1831 2791 1969 2849; x_wconf 90' lang='lat' dir='ltr'><strong>quo·</strong></span> <span class='ocrx_word' id='word_1_257' title='bbox 2018 2787 2022 2802; x_wconf 92' lang='lat'>·</span> <span class='ocrx_word' id='word_1_258' title='bbox 2068 2774 2280 2830; x_wconf 86' lang='lat' dir='ltr'><strong>clusum</strong></span> <span class='ocrx_word' id='word_1_259' title='bbox 2324 2766 2432 2849; x_wconf 90' lang='lat' dir='ltr'><strong>(A)</strong></span> <span class='ocrx_word' id='word_1_260' title='bbox 2475 2771 2674 2828; x_wconf 88' lang='lat' dir='ltr'><strong>inclusi</strong></span> <span class='ocrx_word' id='word_1_261' title='bbox 2729 2770 2834 2841; x_wconf 89' lang='grc' dir='ltr'><strong>(Β)</strong></span> <span class='ocrx_word' id='word_1_262' title='bbox 2877 2774 2963 2827; x_wconf 83' lang='lat' dir='ltr'><strong>est</strong></span> <span class='ocrx_word' id='word_1_263' title='bbox 3003 2770 3294 2827; x_wconf 85' lang='lat' dir='ltr'><strong>exclusum</strong></span> <span class='ocrx_word' id='word_1_264' title='bbox 3337 2768 3636 2825; x_wconf 85' lang='lat' dir='ltr'><strong>includentis</strong></span> 
     </span>
     <span class='ocr_line' id='line_1_24' title="bbox 384 2856 3636 2938; baseline 0 -25"><span class='ocrx_word' id='word_1_265' title='bbox 384 2858 515 2913; x_wconf 84' lang='lat' dir='ltr'><strong>dam</strong></span> <span class='ocrx_word' id='word_1_266' title='bbox 556 2856 806 2928; x_wconf 85' lang='lat' dir='ltr'><strong>subjecto</strong></span> <span class='ocrx_word' id='word_1_267' title='bbox 829 2859 882 2914; x_wconf 86' lang='lat' dir='ltr'><strong>A</strong></span> <span class='ocrx_word' id='word_1_268' title='bbox 910 2861 1149 2917; x_wconf 79' lang='lat' dir='ltr'><strong>affiimat</strong></span> <span class='ocrx_word' id='word_1_269' title='bbox 1179 2862 1551 2935; x_wconf 87' lang='lat' dir='ltr'><strong>praedicatum</strong></span> <span class='ocrx_word' id='word_1_270' title='bbox 1572 2864 1636 2938; x_wconf 89' lang='grc' dir='ltr'><strong>Β,</strong></span> <span class='ocrx_word' id='word_1_271' title='bbox 1680 2881 1779 2921; x_wconf 88' lang='lat' dir='ltr'><strong>seu</strong></span> <span class='ocrx_word' id='word_1_272' title='bbox 1798 2880 1969 2921; x_wconf 88' lang='lat' dir='ltr'><strong>enun-</strong></span> <span class='ocrx_word' id='word_1_273' title='bbox 2071 2862 2171 2933; x_wconf 91' lang='grc' dir='ltr'><strong>(Ο)</strong></span> <span class='ocrx_word' id='word_1_274' title='bbox 2215 2861 2264 2917; x_wconf 90' lang='grc' dir='ltr'><strong>Β</strong></span> <span class='ocrx_word' id='word_1_275' title='bbox 2306 2859 2550 2918; x_wconf 84' lang='lat' dir='ltr'><strong>excludit</strong></span> <span class='ocrx_word' id='word_1_276' title='bbox 2590 2860 2663 2934; x_wconf 89' lang='lat' dir='ltr'><strong>A,</strong></span> <span class='ocrx_word' id='word_1_277' title='bbox 2707 2864 2764 2916; x_wconf 90' lang='lat' dir='ltr'><strong>et</strong></span> <span class='ocrx_word' id='word_1_278' title='bbox 2807 2860 2852 2916; x_wconf 94' lang='grc' dir='ltr'>Ο</span> <span class='ocrx_word' id='word_1_279' title='bbox 2893 2857 3126 2916; x_wconf 89' lang='lat' dir='ltr'><strong>includit</strong></span> <span class='ocrx_word' id='word_1_280' title='bbox 3167 2858 3234 2931; x_wconf 92' lang='lat' dir='ltr'><strong>B,</strong></span> <span class='ocrx_word' id='word_1_281' title='bbox 3282 2857 3428 2932; x_wconf 85' lang='lat' dir='ltr'><strong>Ergo</strong></span> <span class='ocrx_word' id='word_1_282' title='bbox 3469 2858 3522 2913; x_wconf 91' lang='lat' dir='ltr'><strong>A</strong></span> <span class='ocrx_word' id='word_1_283' title='bbox 3557 2873 3636 2913; x_wconf 86' lang='lat' dir='ltr'><strong>ex·</strong></span> 
     </span>
     <span class='ocr_line' id='line_1_25' title="bbox 385 2947 2342 3020; baseline 0.001 -16"><span class='ocrx_word' id='word_1_284' title='bbox 385 2947 491 3004; x_wconf 86' lang='lat' dir='ltr'><strong>tiat</strong></span> <span class='ocrx_word' id='word_1_285' title='bbox 540 2949 1041 3019; x_wconf 84' lang='lat' dir='ltr'><strong>particularem</strong></span> <span class='ocrx_word' id='word_1_286' title='bbox 1091 2951 1621 3012; x_wconf 82' lang='lat' dir='ltr'><strong>affirmativam.</strong></span> <span class='ocrx_word' id='word_1_287' title='bbox 1720 2955 1829 3020; x_wconf 83' lang='lat' dir='ltr'><strong>Qui</strong></span> <span class='ocrx_word' id='word_1_288' title='bbox 1873 2971 1978 3011; x_wconf 67' lang='lat' dir='ltr'><strong>ne·</strong></span> <span class='ocrx_word' id='word_1_289' title='bbox 2061 2950 2242 3010; x_wconf 76' lang='lat' dir='ltr'><strong>cludit</strong></span> <span class='ocrx_word' id='word_1_290' title='bbox 2282 2951 2342 3007; x_wconf 93' lang='grc' dir='ltr'><strong>Ο.</strong></span> 
     </span>
     <span class='ocr_line' id='line_1_26' title="bbox 386 3035 3638 3116; baseline -0 -25"><span class='ocrx_word' id='word_1_291' title='bbox 386 3039 483 3108; x_wconf 87' lang='lat' dir='ltr'><strong>gat</strong></span> <span class='ocrx_word' id='word_1_292' title='bbox 498 3051 537 3091; x_wconf 90' lang='lat' dir='ltr'><strong>a</strong></span> <span class='ocrx_word' id='word_1_293' title='bbox 556 3036 802 3109; x_wconf 87' lang='lat' dir='ltr'><strong>sapiente</strong></span> <span class='ocrx_word' id='word_1_294' title='bbox 844 3038 1061 3096; x_wconf 82' lang='lat' dir='ltr'><strong>excludi</strong></span> <span class='ocrx_word' id='word_1_295' title='bbox 1104 3041 1463 3116; x_wconf 84' lang='lat' dir='ltr'><strong>fortunatum,</strong></span> <span class='ocrx_word' id='word_1_296' title='bbox 1506 3043 1761 3100; x_wconf 78' lang='lat' dir='ltr'><strong>enuntiat</strong></span> <span class='ocrx_word' id='word_1_297' title='bbox 1802 3059 1971 3116; x_wconf 86' lang='lat' dir='ltr'><strong>quen-</strong></span> <span class='ocrx_word' id='word_1_298' title='bbox 2169 3042 2266 3097; x_wconf 88' lang='grc'><strong>16.</strong></span> <span class='ocrx_word' id='word_1_299' title='bbox 2326 3038 2638 3095; x_wconf 87' lang='lat' dir='ltr'><strong>Excludeus</strong></span> <span class='ocrx_word' id='word_1_300' title='bbox 2681 3037 2878 3094; x_wconf 86' lang='lat' dir='ltr'><strong>inclusi</strong></span> <span class='ocrx_word' id='word_1_301' title='bbox 2921 3039 3007 3094; x_wconf 86' lang='lat' dir='ltr'><strong>est</strong></span> <span class='ocrx_word' id='word_1_302' title='bbox 3047 3037 3349 3093; x_wconf 84' lang='lat' dir='ltr'><strong>excludens</strong></span> <span class='ocrx_word' id='word_1_303' title='bbox 3391 3035 3638 3092; x_wconf 85' lang='lat' dir='ltr'><strong>includen-</strong></span> 
     </span>
     <span class='ocr_line' id='line_1_27' title="bbox 384 3123 3636 3203; baseline -0.001 -23"><span class='ocrx_word' id='word_1_304' title='bbox 384 3123 516 3180; x_wconf 81' lang='lat' dir='ltr'><strong>dam</strong></span> <span class='ocrx_word' id='word_1_305' title='bbox 556 3123 861 3198; x_wconf 78' lang='lat' dir='ltr'><strong>sapientem</strong></span> <span class='ocrx_word' id='word_1_306' title='bbox 902 3145 1020 3184; x_wconf 83' lang='lat' dir='ltr'><strong>esse</strong></span> <span class='ocrx_word' id='word_1_307' title='bbox 1062 3130 1419 3186; x_wconf 79' lang='lat' dir='ltr'><strong>fortunatum.</strong></span> <span class='ocrx_word' id='word_1_308' title='bbox 2077 3130 2178 3203; x_wconf 90' lang='lat' dir='ltr'><strong>tis,</strong></span> <span class='ocrx_word' id='word_1_309' title='bbox 2237 3145 2333 3185; x_wconf 81' lang='lat' dir='ltr'><strong>seu</strong></span> <span class='ocrx_word' id='word_1_310' title='bbox 2375 3128 2424 3184; x_wconf 87' lang='lat' dir='ltr'><strong>si</strong></span> <span class='ocrx_word' id='word_1_311' title='bbox 2469 3129 2524 3184; x_wconf 94' lang='lat' dir='ltr'><strong>A</strong></span> <span class='ocrx_word' id='word_1_312' title='bbox 2563 3127 2810 3184; x_wconf 78' lang='lat' dir='ltr'><strong>excludit</strong></span> <span class='ocrx_word' id='word_1_313' title='bbox 2863 3126 2910 3182; x_wconf 93' lang='lat' dir='ltr'>B</span> <span class='ocrx_word' id='word_1_314' title='bbox 2952 3128 3010 3182; x_wconf 90' lang='lat' dir='ltr'><strong>et</strong></span> <span class='ocrx_word' id='word_1_315' title='bbox 3051 3125 3098 3180; x_wconf 91' lang='lat' dir='ltr'>B</span> <span class='ocrx_word' id='word_1_316' title='bbox 3140 3123 3446 3182; x_wconf 86' lang='lat' dir='ltr'><strong>includitur</strong></span> <span class='ocrx_word' id='word_1_317' title='bbox 3497 3124 3551 3179; x_wconf 88' lang='lat' dir='ltr'><strong>in</strong></span> <span class='ocrx_word' id='word_1_318' title='bbox 3589 3124 3636 3190; x_wconf 82' lang='lat' dir='ltr'><strong>C,-</strong></span> 
     </span>
     <span class='ocr_line' id='line_1_28' title="bbox 480 3211 3639 3292; baseline 0 -25"><span class='ocrx_word' id='word_1_319' title='bbox 480 3213 539 3268; x_wconf 87' lang='lat'><strong>5.</strong></span> <span class='ocrx_word' id='word_1_320' title='bbox 582 3212 641 3268; x_wconf 91' lang='lat' dir='ltr'><strong>Si</strong></span> <span class='ocrx_word' id='word_1_321' title='bbox 672 3229 745 3270; x_wconf 87' lang='lat' dir='ltr'><strong>ex</strong></span> <span class='ocrx_word' id='word_1_322' title='bbox 770 3215 1018 3289; x_wconf 88' lang='lat' dir='ltr'><strong>pluribus</strong></span> <span class='ocrx_word' id='word_1_323' title='bbox 1038 3218 1507 3276; x_wconf 85' lang='lat' dir='ltr'><strong>enuntiationibus</strong></span> <span class='ocrx_word' id='word_1_324' title='bbox 1536 3224 1794 3292; x_wconf 82' lang='lat' dir='ltr'><strong>sequatur</strong></span> <span class='ocrx_word' id='word_1_325' title='bbox 1825 3237 1975 3278; x_wconf 85' lang='lat' dir='ltr'><strong>nova</strong></span> <span class='ocrx_word' id='word_1_326' title='bbox 2075 3218 2246 3275; x_wconf 86' lang='lat' dir='ltr'><strong>etiam</strong></span> <span class='ocrx_word' id='word_1_327' title='bbox 2289 3217 2343 3272; x_wconf 93' lang='lat' dir='ltr'><strong>A</strong></span> <span class='ocrx_word' id='word_1_328' title='bbox 2387 3216 2632 3273; x_wconf 83' lang='lat' dir='ltr'><strong>excludit</strong></span> <span class='ocrx_word' id='word_1_329' title='bbox 2672 3217 2716 3273; x_wconf 92' lang='grc' dir='ltr'>Ο</span> <span class='ocrx_word' id='word_1_330' title='bbox 2729 3255 2746 3288; x_wconf 87' lang='grc'>,</span> <span class='ocrx_word' id='word_1_331' title='bbox 2791 3231 2888 3271; x_wconf 86' lang='lat' dir='ltr'><strong>seu</strong></span> <span class='ocrx_word' id='word_1_332' title='bbox 2931 3214 2980 3270; x_wconf 85' lang='lat' dir='ltr'><strong>si</strong></span> <span class='ocrx_word' id='word_1_333' title='bbox 3022 3213 3078 3270; x_wconf 88' lang='lat' dir='ltr'><strong>A</strong></span> <span class='ocrx_word' id='word_1_334' title='bbox 3121 3213 3374 3272; x_wconf 87' lang='lat' dir='ltr'><strong>excludit</strong></span> <span class='ocrx_word' id='word_1_335' title='bbox 3413 3213 3476 3286; x_wconf 90' lang='grc' dir='ltr'><strong>Β,</strong></span> <span class='ocrx_word' id='word_1_336' title='bbox 3519 3217 3570 3268; x_wconf 87' lang='lat' dir='ltr'><strong>et</strong></span> <span class='ocrx_word' id='word_1_337' title='bbox 3605 3211 3639 3266; x_wconf 88' lang='lat' dir='ltr'>C</span> 
     </span>
     <span class='ocr_line' id='line_1_29' title="bbox 388 3288 3604 3380; baseline -0.001 -23"><span class='ocrx_word' id='word_1_338' title='bbox 388 3299 725 3375; x_wconf 79' lang='lat' dir='ltr'><strong>enuntiatio,</strong></span> <span class='ocrx_word' id='word_1_339' title='bbox 770 3307 827 3359; x_wconf 91' lang='lat' dir='ltr'><strong>et</strong></span> <span class='ocrx_word' id='word_1_340' title='bbox 868 3303 1001 3360; x_wconf 86' lang='lat' dir='ltr'><strong>haec</strong></span> <span class='ocrx_word' id='word_1_341' title='bbox 1042 3305 1117 3360; x_wconf 89' lang='lat' dir='ltr'><strong>sit</strong></span> <span class='ocrx_word' id='word_1_342' title='bbox 1158 3308 1325 3379; x_wconf 85' lang='lat' dir='ltr'><strong>falsa,</strong></span> <span class='ocrx_word' id='word_1_343' title='bbox 1370 3307 1477 3363; x_wconf 87' lang='lat' dir='ltr'><strong>erit</strong></span> <span class='ocrx_word' id='word_1_344' title='bbox 1517 3307 1703 3380; x_wconf 88' lang='lat' dir='ltr'><strong>aliqua</strong></span> <span class='ocrx_word' id='word_1_345' title='bbox 1744 3324 1819 3365; x_wconf 88' lang='lat' dir='ltr'><strong>ex</strong></span> <span class='ocrx_word' id='word_1_346' title='bbox 1860 3308 2028 3365; x_wconf 77' lang='lat' dir='ltr'><strong>illis·</strong></span> <span class='ocrx_word' id='word_1_347' title='bbox 2023 3288 2308 3364; x_wconf 88' lang='lat' dir='ltr'><strong>includit</strong></span> <span class='ocrx_word' id='word_1_348' title='bbox 2347 3305 2412 3378; x_wconf 92' lang='lat' dir='ltr'><strong>B,</strong></span> <span class='ocrx_word' id='word_1_349' title='bbox 2457 3304 2647 3378; x_wconf 89' lang='lat' dir='ltr'><strong>utique</strong></span> <span class='ocrx_word' id='word_1_350' title='bbox 2689 3305 2744 3360; x_wconf 93' lang='lat' dir='ltr'><strong>A</strong></span> <span class='ocrx_word' id='word_1_351' title='bbox 2787 3302 3032 3360; x_wconf 86' lang='lat' dir='ltr'><strong>excludit</strong></span> <span class='ocrx_word' id='word_1_352' title='bbox 3050 3304 3112 3361; x_wconf 93' lang='grc' dir='ltr'><strong>Ο.</strong></span> <span class='ocrx_word' id='word_1_353' title='bbox 3201 3303 3368 3360; x_wconf 90' lang='lat' dir='ltr'><strong>Patet</strong></span> <span class='ocrx_word' id='word_1_354' title='bbox 3407 3319 3502 3375; x_wconf 89' lang='lat' dir='ltr'><strong>per</strong></span> <span class='ocrx_word' id='word_1_355' title='bbox 3538 3318 3604 3355; x_wconf 87' lang='lat' dir='ltr'><strong>se.</strong></span> 
     </span>
     <span class='ocr_line' id='line_1_30' title="bbox 384 3343 3639 3466; baseline -0.001 -19.99"><span class='ocrx_word' id='word_1_356' title='bbox 384 3389 545 3446; x_wconf 71' lang='lat' dir='ltr'><strong>falsa.</strong></span> <span class='ocrx_word' id='word_1_357' title='bbox 634 3343 736 3448; x_wconf 76' lang='lat' dir='ltr'><strong>Es’t</strong></span> <span class='ocrx_word' id='word_1_358' title='bbox 778 3391 1028 3449; x_wconf 89' lang='lat' dir='ltr'><strong>collectio</strong></span> <span class='ocrx_word' id='word_1_359' title='bbox 1070 3410 1169 3466; x_wconf 84' lang='lat' dir='ltr'><strong>per</strong></span> <span class='ocrx_word' id='word_1_360' title='bbox 1209 3411 1610 3466; x_wconf 88' lang='lat' dir='ltr'><strong>regressum.</strong></span> <span class='ocrx_word' id='word_1_361' title='bbox 1759 3437 1781 3452; x_wconf 82' lang='lat'><strong>..</strong></span> <span class='ocrx_word' id='word_1_362' title='bbox 2171 3394 2268 3453; x_wconf 82' lang='lat'><strong>17.</strong></span> <span class='ocrx_word' id='word_1_363' title='bbox 2333 3393 2392 3450; x_wconf 92' lang='lat' dir='ltr'><strong>Si</strong></span> <span class='ocrx_word' id='word_1_364' title='bbox 2435 3393 2489 3450; x_wconf 92' lang='lat' dir='ltr'><strong>A</strong></span> <span class='ocrx_word' id='word_1_365' title='bbox 2533 3393 2778 3450; x_wconf 88' lang='lat' dir='ltr'><strong>excludit</strong></span> <span class='ocrx_word' id='word_1_366' title='bbox 2818 3392 2867 3448; x_wconf 91' lang='lat' dir='ltr'>B</span> <span class='ocrx_word' id='word_1_367' title='bbox 2907 3397 2966 3448; x_wconf 88' lang='lat' dir='ltr'><strong>et</strong></span> <span class='ocrx_word' id='word_1_368' title='bbox 3007 3391 3052 3450; x_wconf 91' lang='grc' dir='ltr'>Ο</span> <span class='ocrx_word' id='word_1_369' title='bbox 3092 3390 3332 3448; x_wconf 86' lang='lat' dir='ltr'><strong>includit</strong></span> <span class='ocrx_word' id='word_1_370' title='bbox 3373 3391 3450 3462; x_wconf 88' lang='grc' dir='ltr'><strong>Β,</strong></span> <span class='ocrx_word' id='word_1_371' title='bbox 3493 3389 3639 3446; x_wconf 87' lang='lat' dir='ltr'><strong>etiam</strong></span> 
     </span>
     <span class='ocr_line' id='line_1_31' title="bbox 483 3477 3639 3559; baseline 0 -26"><span class='ocrx_word' id='word_1_372' title='bbox 483 3477 539 3532; x_wconf 88' lang='grc'><strong>6.</strong></span> <span class='ocrx_word' id='word_1_373' title='bbox 584 3478 1052 3538; x_wconf 76' lang='lat' dir='ltr'><strong>Conuadictoriae</strong></span> <span class='ocrx_word' id='word_1_374' title='bbox 1097 3481 1235 3551; x_wconf 89' lang='lat' dir='ltr'><strong>(seu</strong></span> <span class='ocrx_word' id='word_1_375' title='bbox 1287 3497 1521 3555; x_wconf 85' lang='lat' dir='ltr'><strong>quarum</strong></span> <span class='ocrx_word' id='word_1_376' title='bbox 1564 3501 1675 3542; x_wconf 85' lang='lat' dir='ltr'><strong>una</strong></span> <span class='ocrx_word' id='word_1_377' title='bbox 1717 3486 2030 3559; x_wconf 44' lang='lat' dir='ltr'><strong>minnan.</strong></span> <span class='ocrx_word' id='word_1_378' title='bbox 2077 3485 2122 3541; x_wconf 94' lang='grc' dir='ltr'>Ο</span> <span class='ocrx_word' id='word_1_379' title='bbox 2165 3482 2409 3540; x_wconf 87' lang='lat' dir='ltr'><strong>excludit</strong></span> <span class='ocrx_word' id='word_1_380' title='bbox 2435 3481 2491 3538; x_wconf 88' lang='lat' dir='ltr'><strong>A</strong></span> <span class='ocrx_word' id='word_1_381' title='bbox 2534 3499 2632 3538; x_wconf 90' lang='lat' dir='ltr'><strong>seu</strong></span> <span class='ocrx_word' id='word_1_382' title='bbox 2675 3481 2968 3538; x_wconf 80' lang='lat' dir='ltr'><strong>excludens</strong></span> <span class='ocrx_word' id='word_1_383' title='bbox 3012 3480 3208 3536; x_wconf 88' lang='lat' dir='ltr'><strong>inclusi</strong></span> <span class='ocrx_word' id='word_1_384' title='bbox 3255 3483 3344 3537; x_wconf 90' lang='lat' dir='ltr'><strong>est</strong></span> <span class='ocrx_word' id='word_1_385' title='bbox 3385 3479 3639 3535; x_wconf 86' lang='lat' dir='ltr'><strong>exclusum</strong></span> 
     </span>
     <span class='ocr_line' id='line_1_32' title="bbox 390 3563 3639 3659; baseline -0.001 -37"><span class='ocrx_word' id='word_1_386' title='bbox 390 3565 541 3638; x_wconf 85' lang='lat' dir='ltr'><strong>quod</strong></span> <span class='ocrx_word' id='word_1_387' title='bbox 580 3567 756 3626; x_wconf 86' lang='lat' dir='ltr'><strong>altera</strong></span> <span class='ocrx_word' id='word_1_388' title='bbox 798 3563 989 3646; x_wconf 79' lang='lat' dir='ltr'><strong>neg-at)</strong></span> <span class='ocrx_word' id='word_1_389' title='bbox 1030 3587 1147 3626; x_wconf 90' lang='grc' dir='ltr'>ιιοιι</span> <span class='ocrx_word' id='word_1_390' title='bbox 1190 3577 1420 3644; x_wconf 85' lang='lat' dir='ltr'><strong>possunt</strong></span> <span class='ocrx_word' id='word_1_391' title='bbox 1460 3573 1625 3630; x_wconf 90' lang='lat' dir='ltr'><strong>simul</strong></span> <span class='ocrx_word' id='word_1_392' title='bbox 1666 3591 1785 3630; x_wconf 87' lang='lat' dir='ltr'><strong>esse</strong></span> <span class='ocrx_word' id='word_1_393' title='bbox 1824 3591 2032 3659; x_wconf 82' lang='lat' dir='ltr'><strong>vera,</strong></span> <span class='ocrx_word' id='word_1_394' title='bbox 2026 3588 2031 3607; x_wconf 88' lang='grc'><em>·</em></span> <span class='ocrx_word' id='word_1_395' title='bbox 2079 3570 2422 3630; x_wconf 84' lang='lat' dir='ltr'><strong>includentis.</strong></span> <span class='ocrx_word' id='word_1_396' title='bbox 2489 3571 2746 3644; x_wconf 88' lang='lat' dir='ltr'><strong>Sequitur</strong></span> <span class='ocrx_word' id='word_1_397' title='bbox 2773 3587 2847 3626; x_wconf 89' lang='lat' dir='ltr'><strong>ex</strong></span> <span class='ocrx_word' id='word_1_398' title='bbox 2866 3570 3226 3641; x_wconf 85' lang='lat' dir='ltr'><strong>praecedente</strong></span> <span class='ocrx_word' id='word_1_399' title='bbox 3259 3585 3368 3641; x_wconf 90' lang='lat' dir='ltr'><strong>ope</strong></span> <span class='ocrx_word' id='word_1_400' title='bbox 3393 3568 3454 3624; x_wconf 89' lang='grc'><strong>8.</strong></span> <span class='ocrx_word' id='word_1_401' title='bbox 3515 3565 3639 3622; x_wconf 86' lang='lat' dir='ltr'><strong>Hinc</strong></span> 
     </span>
     <span class='ocr_line' id='line_1_33' title="bbox 390 3654 3640 3738; baseline -0.003 -20"><span class='ocrx_word' id='word_1_402' title='bbox 390 3671 495 3718; x_wconf 74' lang='lat' dir='ltr'><strong>uec</strong></span> <span class='ocrx_word' id='word_1_403' title='bbox 546 3656 715 3714; x_wconf 82' lang='lat' dir='ltr'><strong>simul</strong></span> <span class='ocrx_word' id='word_1_404' title='bbox 776 3675 896 3715; x_wconf 66' lang='lat' dir='ltr'><strong>esse</strong></span> <span class='ocrx_word' id='word_1_405' title='bbox 950 3659 1089 3716; x_wconf 76' lang='lat' dir='ltr'><strong>salsa</strong></span> <span class='ocrx_word' id='word_1_406' title='bbox 1151 3664 1209 3716; x_wconf 89' lang='lat' dir='ltr'><strong>et</strong></span> <span class='ocrx_word' id='word_1_407' title='bbox 1272 3660 1376 3718; x_wconf 88' lang='lat' dir='ltr'><strong>hoc</strong></span> <span class='ocrx_word' id='word_1_408' title='bbox 1431 3667 1635 3719; x_wconf 83' lang='lat' dir='ltr'><strong>vocant</strong></span> <span class='ocrx_word' id='word_1_409' title='bbox 1686 3662 1979 3738; x_wconf 88' lang='lat' dir='ltr'><strong>opposi-</strong></span> <span class='ocrx_word' id='word_1_410' title='bbox 2027 3664 2032 3679; x_wconf 89' lang='grc'><strong>“</strong></span> <span class='ocrx_word' id='word_1_411' title='bbox 2079 3663 2129 3718; x_wconf 89' lang='lat' dir='ltr'><strong>si</strong></span> <span class='ocrx_word' id='word_1_412' title='bbox 2170 3665 2450 3734; x_wconf 84' lang='lat' dir='ltr'><strong>permutes</strong></span> <span class='ocrx_word' id='word_1_413' title='bbox 2494 3661 2539 3716; x_wconf 93' lang='lat' dir='ltr'>C</span> <span class='ocrx_word' id='word_1_414' title='bbox 2579 3663 2638 3716; x_wconf 88' lang='lat' dir='ltr'><strong>et</strong></span> <span class='ocrx_word' id='word_1_415' title='bbox 2680 3659 2752 3732; x_wconf 88' lang='lat' dir='ltr'><strong>A,</strong></span> <span class='ocrx_word' id='word_1_416' title='bbox 2799 3659 2919 3730; x_wconf 80' lang='lat' dir='ltr'><strong>fiet·</strong></span> <span class='ocrx_word' id='word_1_417' title='bbox 2963 3658 3012 3713; x_wconf 87' lang='lat' dir='ltr'><strong>si</strong></span> <span class='ocrx_word' id='word_1_418' title='bbox 3055 3657 3108 3713; x_wconf 98' lang='lat' dir='ltr'><strong>A</strong></span> <span class='ocrx_word' id='word_1_419' title='bbox 3153 3657 3392 3715; x_wconf 89' lang='lat' dir='ltr'><strong>includit</strong></span> <span class='ocrx_word' id='word_1_420' title='bbox 3433 3656 3478 3712; x_wconf 93' lang='lat' dir='ltr'><strong>B</strong></span> <span class='ocrx_word' id='word_1_421' title='bbox 3518 3659 3568 3710; x_wconf 86' lang='lat' dir='ltr'><strong>et</strong></span> <span class='ocrx_word' id='word_1_422' title='bbox 3604 3654 3640 3707; x_wconf 91' lang='lat' dir='ltr'>C</span> 
     </span>
     <span class='ocr_line' id='line_1_34' title="bbox 393 3743 3642 3823; baseline -0.002 -16"><span class='ocrx_word' id='word_1_423' title='bbox 393 3743 671 3802; x_wconf 67' lang='lat' dir='ltr'><strong>tionem·</strong></span> <span class='ocrx_word' id='word_1_424' title='bbox 2080 3750 2326 3808; x_wconf 84' lang='lat' dir='ltr'><strong>excludit</strong></span> <span class='ocrx_word' id='word_1_425' title='bbox 2365 3749 2439 3823; x_wconf 92' lang='lat' dir='ltr'><strong>B,</strong></span> <span class='ocrx_word' id='word_1_426' title='bbox 2499 3749 2668 3806; x_wconf 87' lang='lat' dir='ltr'><strong>etiam</strong></span> <span class='ocrx_word' id='word_1_427' title='bbox 2709 3748 2763 3803; x_wconf 93' lang='lat' dir='ltr'><strong>A</strong></span> <span class='ocrx_word' id='word_1_428' title='bbox 2807 3747 3052 3804; x_wconf 88' lang='lat' dir='ltr'><strong>excludit</strong></span> <span class='ocrx_word' id='word_1_429' title='bbox 3091 3747 3136 3803; x_wconf 94' lang='grc' dir='ltr'>Ο</span> <span class='ocrx_word' id='word_1_430' title='bbox 3189 3744 3222 3816; x_wconf 89' lang='grc'><strong>(</strong></span> <span class='ocrx_word' id='word_1_431' title='bbox 3233 3763 3334 3803; x_wconf 90' lang='lat' dir='ltr'><strong>seu</strong></span> <span class='ocrx_word' id='word_1_432' title='bbox 3385 3744 3642 3801; x_wconf 88' lang='lat' dir='ltr'><strong>includens</strong></span> 
     </span>
     <span class='ocr_line' id='line_1_35' title="bbox 485 3833 3188 3913; baseline 0.001 -25"><span class='ocrx_word' id='word_1_433' title='bbox 485 3833 541 3888; x_wconf 83' lang='lat'><strong>7.</strong></span> <span class='ocrx_word' id='word_1_434' title='bbox 586 3833 675 3890; x_wconf 89' lang='lat' dir='ltr'><strong>Ex</strong></span> <span class='ocrx_word' id='word_1_435' title='bbox 718 3833 1014 3892; x_wconf 82' lang='lat' dir='ltr'><strong>universali</strong></span> <span class='ocrx_word' id='word_1_436' title='bbox 1056 3836 1299 3911; x_wconf 86' lang='lat' dir='ltr'><strong>sequitur</strong></span> <span class='ocrx_word' id='word_1_437' title='bbox 1340 3839 1681 3913; x_wconf 83' lang='lat' dir='ltr'><strong>particularis</strong></span> <span class='ocrx_word' id='word_1_438' title='bbox 1733 3839 1980 3910; x_wconf 77' lang='lat' dir='ltr'><strong>eJusdem</strong></span> <span class='ocrx_word' id='word_1_439' title='bbox 2079 3839 2292 3896; x_wconf 85' lang='lat' dir='ltr'><strong>exclusi</strong></span> <span class='ocrx_word' id='word_1_440' title='bbox 2337 3842 2421 3894; x_wconf 87' lang='lat' dir='ltr'><strong>est</strong></span> <span class='ocrx_word' id='word_1_441' title='bbox 2463 3835 2756 3894; x_wconf 86' lang='lat' dir='ltr'><strong>excludens</strong></span> <span class='ocrx_word' id='word_1_442' title='bbox 2799 3835 3188 3904; x_wconf 84' lang='lat' dir='ltr'><strong>excludentis).</strong></span> 
     </span>
     <span class='ocr_line' id='line_1_36' title="bbox 391 3910 3637 4072; baseline 0 -94"><span class='ocrx_word' id='word_1_443' title='bbox 391 3925 1719 3995; x_wconf 80' lang='lat' dir='ltr'><strong>naturaequodvocantsubalternationem.</strong></span> <span class='ocrx_word' id='word_1_444' title='bbox 1768 3930 2032 4003; x_wconf 88' lang='lat' dir='ltr'><strong>Nempe</strong></span> <span class='ocrx_word' id='word_1_445' title='bbox 2082 3927 2147 3998; x_wconf 90' lang='lat' dir='ltr'><strong>(a</strong></span> <span class='ocrx_word' id='word_1_446' title='bbox 2177 3944 2285 4072; x_wconf 85' lang='lat' dir='ltr'><strong>1un.</strong></span> <span class='ocrx_word' id='word_1_447' title='bbox 2330 3928 2427 3983; x_wconf 82' lang='lat' dir='ltr'><strong>aff.</strong></span> <span class='ocrx_word' id='word_1_448' title='bbox 2473 3943 2506 3982; x_wconf 93' lang='lat' dir='ltr'><strong>e</strong></span> <span class='ocrx_word' id='word_1_449' title='bbox 2547 3943 2638 3982; x_wconf 89' lang='lat' dir='ltr'><strong>un.</strong></span> <span class='ocrx_word' id='word_1_450' title='bbox 2685 3943 2806 3998; x_wconf 88' lang='lat' dir='ltr'><strong>neg.</strong></span> <span class='ocrx_word' id='word_1_451' title='bbox 2852 3925 3059 3998; x_wconf 77' lang='lat' dir='ltr'><strong>ipert.</strong></span> <span class='ocrx_word' id='word_1_452' title='bbox 3103 3925 3198 3980; x_wconf 81' lang='lat' dir='ltr'><strong>aff.</strong></span> <span class='ocrx_word' id='word_1_453' title='bbox 3245 3939 3283 3980; x_wconf 94' lang='lat' dir='ltr'><strong>o</strong></span> <span class='ocrx_word' id='word_1_454' title='bbox 3325 3926 3463 3996; x_wconf 82' lang='lat' dir='ltr'><strong>part.</strong></span> <span class='ocrx_word' id='word_1_455' title='bbox 3507 3910 3637 3992; x_wconf 80' lang='lat' dir='ltr'><strong>neg)</strong></span> 
     </span>
     <span class='ocr_line' id='line_1_37' title="bbox 393 4006 3638 4121; baseline 0 -55"><span class='ocrx_word' id='word_1_456' title='bbox 393 4011 443 4066; x_wconf 88' lang='lat' dir='ltr'><strong>si</strong></span> <span class='ocrx_word' id='word_1_457' title='bbox 485 4012 540 4068; x_wconf 89' lang='lat' dir='ltr'><strong>A</strong></span> <span class='ocrx_word' id='word_1_458' title='bbox 581 4013 813 4070; x_wconf 83' lang='lat' dir='ltr'><strong>includit</strong></span> <span class='ocrx_word' id='word_1_459' title='bbox 855 4013 901 4068; x_wconf 91' lang='lat' dir='ltr'><strong>B</strong></span> <span class='ocrx_word' id='word_1_460' title='bbox 946 4006 1067 4090; x_wconf 88' lang='lat' dir='ltr'><strong>(seu</strong></span> <span class='ocrx_word' id='word_1_461' title='bbox 1097 4033 1197 4088; x_wconf 88' lang='lat' dir='ltr'><strong>per</strong></span> <span class='ocrx_word' id='word_1_462' title='bbox 1226 4033 1362 4074; x_wconf 89' lang='lat' dir='ltr'><strong>num</strong></span> <span class='ocrx_word' id='word_1_463' title='bbox 1392 4010 1455 4094; x_wconf 87' lang='lat'><strong>1)</strong></span> <span class='ocrx_word' id='word_1_464' title='bbox 1498 4019 1549 4074; x_wconf 87' lang='lat' dir='ltr'><strong>si</strong></span> <span class='ocrx_word' id='word_1_465' title='bbox 1590 4033 1755 4073; x_wconf 89' lang='lat' dir='ltr'><strong>omne</strong></span> <span class='ocrx_word' id='word_1_466' title='bbox 1800 4018 1853 4072; x_wconf 89' lang='lat' dir='ltr'><strong>A</strong></span> <span class='ocrx_word' id='word_1_467' title='bbox 1897 4021 1980 4073; x_wconf 89' lang='lat' dir='ltr'><strong>est</strong></span> <span class='ocrx_word' id='word_1_468' title='bbox 2027 4032 2032 4121; x_wconf 41' lang='grc' dir='ltr'><strong>ι</strong></span> <span class='ocrx_word' id='word_1_469' title='bbox 2342 4015 2610 4088; x_wconf 84' lang='lat' dir='ltr'><strong>Regulam</strong></span> <span class='ocrx_word' id='word_1_470' title='bbox 2661 4015 2900 4088; x_wconf 84' lang='lat' dir='ltr'><strong>primam</strong></span> <span class='ocrx_word' id='word_1_471' title='bbox 2955 4013 3034 4070; x_wconf 89' lang='lat' dir='ltr'><strong>sic</strong></span> <span class='ocrx_word' id='word_1_472' title='bbox 3085 4012 3367 4070; x_wconf 85' lang='lat' dir='ltr'><strong>enunties.</strong></span> <span class='ocrx_word' id='word_1_473' title='bbox 3421 4009 3638 4066; x_wconf 85' lang='lat' dir='ltr'><strong>Medium</strong></span> 
     </span>
     <span class='ocr_line' id='line_1_38' title="bbox 394 4096 3640 4182; baseline -0.001 -28"><span class='ocrx_word' id='word_1_474' title='bbox 394 4099 470 4172; x_wconf 91' lang='lat' dir='ltr'><strong>B,</strong></span> <span class='ocrx_word' id='word_1_475' title='bbox 526 4100 769 4171; x_wconf 87' lang='lat' dir='ltr'><strong>sequitur</strong></span> <span class='ocrx_word' id='word_1_476' title='bbox 812 4101 959 4174; x_wconf 84' lang='lat' dir='ltr'><strong>quod</strong></span> <span class='ocrx_word' id='word_1_477' title='bbox 1003 4103 1057 4157; x_wconf 92' lang='lat' dir='ltr'><strong>A</strong></span> <span class='ocrx_word' id='word_1_478' title='bbox 1098 4120 1215 4160; x_wconf 92' lang='lat' dir='ltr'><strong>non</strong></span> <span class='ocrx_word' id='word_1_479' title='bbox 1258 4106 1515 4162; x_wconf 87' lang='lat' dir='ltr'><strong>excludat</strong></span> <span class='ocrx_word' id='word_1_480' title='bbox 1557 4106 1633 4179; x_wconf 91' lang='lat' dir='ltr'><strong>B,</strong></span> <span class='ocrx_word' id='word_1_481' title='bbox 1692 4123 1789 4161; x_wconf 87' lang='lat' dir='ltr'><strong>seu</strong></span> <span class='ocrx_word' id='word_1_482' title='bbox 1836 4101 1982 4182; x_wconf 85' lang='lat' dir='ltr'><strong>(per</strong></span> <span class='ocrx_word' id='word_1_483' title='bbox 2029 4134 2033 4157; x_wconf 76' lang='grc' dir='ltr'><strong>ι</strong></span> <span class='ocrx_word' id='word_1_484' title='bbox 2080 4103 2328 4173; x_wconf 82' lang='lat' dir='ltr'><strong>subjecto</strong></span> <span class='ocrx_word' id='word_1_485' title='bbox 2371 4104 2643 4160; x_wconf 82' lang='lat' dir='ltr'><strong>inclusum</strong></span> <span class='ocrx_word' id='word_1_486' title='bbox 2683 4103 2854 4161; x_wconf 85' lang='lat' dir='ltr'><strong>etiam</strong></span> <span class='ocrx_word' id='word_1_487' title='bbox 2897 4103 3299 4176; x_wconf 88' lang='lat' dir='ltr'><strong>praedicatum,</strong></span> <span class='ocrx_word' id='word_1_488' title='bbox 3343 4099 3451 4158; x_wconf 84' lang='lat' dir='ltr'><strong>sibi</strong></span> <span class='ocrx_word' id='word_1_489' title='bbox 3491 4096 3640 4154; x_wconf 89' lang='lat' dir='ltr'><strong>inclu-</strong></span> 
     </span>
     <span class='ocr_line' id='line_1_39' title="bbox 394 4180 3642 4265; baseline -0 -21"><span class='ocrx_word' id='word_1_490' title='bbox 394 4203 546 4250; x_wconf 84' lang='lat' dir='ltr'><strong>num·</strong></span> <span class='ocrx_word' id='word_1_491' title='bbox 567 4180 652 4264; x_wconf 90' lang='grc'><strong>4.)</strong></span> <span class='ocrx_word' id='word_1_492' title='bbox 695 4189 973 4261; x_wconf 86' lang='lat' dir='ltr'><strong>quoddam</strong></span> <span class='ocrx_word' id='word_1_493' title='bbox 1001 4190 1055 4245; x_wconf 91' lang='lat' dir='ltr'><strong>A</strong></span> <span class='ocrx_word' id='word_1_494' title='bbox 1084 4209 1201 4249; x_wconf 71' lang='lat' dir='ltr'><strong>esse</strong></span> <span class='ocrx_word' id='word_1_495' title='bbox 1242 4193 1309 4248; x_wconf 90' lang='lat' dir='ltr'><strong>B.</strong></span> <span class='ocrx_word' id='word_1_496' title='bbox 1398 4195 1605 4250; x_wconf 86' lang='lat' dir='ltr'><strong>Rursus</strong></span> <span class='ocrx_word' id='word_1_497' title='bbox 1646 4193 1698 4248; x_wconf 90' lang='lat' dir='ltr'><strong>si</strong></span> <span class='ocrx_word' id='word_1_498' title='bbox 1740 4193 1982 4250; x_wconf 81' lang='lat' dir='ltr'><strong>excludit</strong></span> <span class='ocrx_word' id='word_1_499' title='bbox 2081 4210 2204 4248; x_wconf 88' lang='lat' dir='ltr'><strong>sum</strong></span> <span class='ocrx_word' id='word_1_500' title='bbox 2228 4193 2342 4262; x_wconf 81' lang='lat' dir='ltr'><strong>(vel</strong></span> <span class='ocrx_word' id='word_1_501' title='bbox 2374 4193 2701 4265; x_wconf 85' lang='lat' dir='ltr'><strong>exclusum),</strong></span> <span class='ocrx_word' id='word_1_502' title='bbox 2735 4192 2790 4249; x_wconf 84' lang='lat' dir='ltr'><strong>ei</strong></span> <span class='ocrx_word' id='word_1_503' title='bbox 2819 4191 3026 4249; x_wconf 88' lang='lat' dir='ltr'><strong>includi</strong></span> <span class='ocrx_word' id='word_1_504' title='bbox 3060 4191 3178 4261; x_wconf 86' lang='lat' dir='ltr'><strong>(vel</strong></span> <span class='ocrx_word' id='word_1_505' title='bbox 3205 4184 3452 4264; x_wconf 87' lang='lat' dir='ltr'><strong>excludi)</strong></span> <span class='ocrx_word' id='word_1_506' title='bbox 3481 4189 3642 4243; x_wconf 83' lang='lat' dir='ltr'><strong>osten·</strong></span> 
     </span>
     <span class='ocr_line' id='line_1_40' title="bbox 395 4222 3638 4356; baseline -0.001 -24"><span class='ocrx_word' id='word_1_507' title='bbox 395 4276 460 4350; x_wconf 91' lang='lat' dir='ltr'><strong>B,</strong></span> <span class='ocrx_word' id='word_1_508' title='bbox 506 4292 603 4333; x_wconf 82' lang='lat' dir='ltr'><strong>seu</strong></span> <span class='ocrx_word' id='word_1_509' title='bbox 644 4275 773 4350; x_wconf 87' lang='lat' dir='ltr'><strong>(per</strong></span> <span class='ocrx_word' id='word_1_510' title='bbox 814 4293 970 4335; x_wconf 90' lang='lat' dir='ltr'><strong>num.</strong></span> <span class='ocrx_word' id='word_1_511' title='bbox 998 4275 1089 4350; x_wconf 74' lang='lat'><strong>2.)</strong></span> <span class='ocrx_word' id='word_1_512' title='bbox 1134 4280 1183 4336; x_wconf 86' lang='lat' dir='ltr'><strong>si</strong></span> <span class='ocrx_word' id='word_1_513' title='bbox 1226 4284 1438 4340; x_wconf 88' lang='lat' dir='ltr'><strong>nullum</strong></span> <span class='ocrx_word' id='word_1_514' title='bbox 1480 4283 1535 4338; x_wconf 80' lang='lat' dir='ltr'><strong>A</strong></span> <span class='ocrx_word' id='word_1_515' title='bbox 1568 4284 1654 4338; x_wconf 83' lang='lat' dir='ltr'><strong>est</strong></span> <span class='ocrx_word' id='word_1_516' title='bbox 1696 4283 1759 4356; x_wconf 93' lang='lat' dir='ltr'><strong>B,</strong></span> <span class='ocrx_word' id='word_1_517' title='bbox 1804 4281 1983 4354; x_wconf 89' lang='lat' dir='ltr'><strong>sequi-</strong></span> <span class='ocrx_word' id='word_1_518' title='bbox 2029 4222 2034 4348; x_wconf 64' lang='grc'><strong>,</strong></span> <span class='ocrx_word' id='word_1_519' title='bbox 2083 4283 2184 4339; x_wconf 87' lang='lat' dir='ltr'><strong>dit.</strong></span> <span class='ocrx_word' id='word_1_520' title='bbox 2275 4281 2422 4338; x_wconf 88' lang='lat' dir='ltr'><strong>Hinc</strong></span> <span class='ocrx_word' id='word_1_521' title='bbox 2449 4281 2810 4355; x_wconf 80' lang='lat' dir='ltr'><strong>dispositione</strong></span> <span class='ocrx_word' id='word_1_522' title='bbox 2854 4279 3218 4336; x_wconf 87' lang='lat' dir='ltr'><strong>terminorum</strong></span> <span class='ocrx_word' id='word_1_523' title='bbox 3261 4273 3638 4336; x_wconf 82' lang='lat' dir='ltr'><strong>existenteBC·</strong></span> 
     </span>
    </p>
   </div>
   <div class='ocr_carea' id='block_1_7' title="bbox 2013 1795 2020 2007">
    <p class='ocr_par' dir='ltr' id='par_1_7' title="bbox 2013 1795 2020 2007">
     <span class='ocr_line' id='line_1_41' title="bbox 2013 1795 2020 2007; baseline 0 3843"><span class='ocrx_word' id='word_1_524' title='bbox 2013 1795 2020 2007; x_wconf 95' lang='lat' dir='ltr'><strong> </strong></span> 
     </span>
    </p>
   </div>
   <div class='ocr_carea' id='block_1_8' title="bbox 2017 2805 2023 2973">
    <p class='ocr_par' dir='ltr' id='par_1_8' title="bbox 2017 2805 2023 2973">
     <span class='ocr_line' id='line_1_42' title="bbox 2017 2805 2023 2973; baseline 0 2877"><span class='ocrx_word' id='word_1_525' title='bbox 2017 2805 2023 2973; x_wconf 95' lang='lat' dir='ltr'><strong> </strong></span> 
     </span>
    </p>
   </div>
   <div class='ocr_carea' id='block_1_9' title="bbox 2019 2976 2027 3279">
    <p class='ocr_par' dir='ltr' id='par_1_9' title="bbox 2019 2976 2027 3279">
     <span class='ocr_line' id='line_1_43' title="bbox 2019 2976 2027 3279; baseline 0 2571"><span class='ocrx_word' id='word_1_526' title='bbox 2019 2976 2027 3279; x_wconf 95' lang='lat' dir='ltr'><strong> </strong></span> 
     </span>
    </p>
   </div>
   <div class='ocr_carea' id='block_1_10' title="bbox 2027 3694 2033 3953">
    <p class='ocr_par' dir='ltr' id='par_1_10' title="bbox 2027 3694 2033 3953">
     <span class='ocr_line' id='line_1_44' title="bbox 2027 3694 2033 3953; baseline 0 1897"><span class='ocrx_word' id='word_1_527' title='bbox 2027 3694 2033 3953; x_wconf 95' lang='lat' dir='ltr'><strong> </strong></span> 
     </span>
    </p>
   </div>
   <div class='ocr_carea' id='block_1_11' title="bbox 393 4363 3641 4619">
    <p class='ocr_par' dir='ltr' id='par_1_11' title="bbox 393 4363 3641 4619">
     <span class='ocr_line' id='line_1_45' title="bbox 393 4363 3641 4445; baseline -0.001 -25"><span class='ocrx_word' id='word_1_528' title='bbox 393 4368 485 4420; x_wconf 90' lang='lat' dir='ltr'><strong>tur</strong></span> <span class='ocrx_word' id='word_1_529' title='bbox 525 4365 675 4436; x_wconf 88' lang='lat' dir='ltr'><strong>quod</strong></span> <span class='ocrx_word' id='word_1_530' title='bbox 717 4366 771 4421; x_wconf 92' lang='lat' dir='ltr'><strong>A</strong></span> <span class='ocrx_word' id='word_1_531' title='bbox 812 4382 929 4423; x_wconf 89' lang='lat' dir='ltr'><strong>non</strong></span> <span class='ocrx_word' id='word_1_532' title='bbox 972 4366 1215 4424; x_wconf 89' lang='lat' dir='ltr'><strong>includat</strong></span> <span class='ocrx_word' id='word_1_533' title='bbox 1256 4371 1331 4445; x_wconf 89' lang='lat' dir='ltr'><strong>B,</strong></span> <span class='ocrx_word' id='word_1_534' title='bbox 1388 4387 1487 4427; x_wconf 86' lang='lat' dir='ltr'><strong>seu</strong></span> <span class='ocrx_word' id='word_1_535' title='bbox 1530 4369 1657 4444; x_wconf 86' lang='lat' dir='ltr'><strong>(per</strong></span> <span class='ocrx_word' id='word_1_536' title='bbox 1698 4387 1851 4426; x_wconf 90' lang='lat' dir='ltr'><strong>num.</strong></span> <span class='ocrx_word' id='word_1_537' title='bbox 1891 4370 2034 4441; x_wconf 85' lang='grc'><strong>3.)</strong></span> <span class='ocrx_word' id='word_1_538' title='bbox 2029 4370 2207 4428; x_wconf 90' lang='lat' dir='ltr'><strong>AB.</strong></span> <span class='ocrx_word' id='word_1_539' title='bbox 2252 4371 2373 4426; x_wconf 87' lang='lat' dir='ltr'><strong>Ac.</strong></span> <span class='ocrx_word' id='word_1_540' title='bbox 2420 4387 2494 4426; x_wconf 90' lang='lat' dir='ltr'><strong>ex</strong></span> <span class='ocrx_word' id='word_1_541' title='bbox 2535 4369 2838 4426; x_wconf 86' lang='lat' dir='ltr'><strong>inclusione</strong></span> <span class='ocrx_word' id='word_1_542' title='bbox 2879 4369 2944 4424; x_wconf 79' lang='lat' dir='ltr'><strong>fit</strong></span> <span class='ocrx_word' id='word_1_543' title='bbox 2987 4385 3067 4425; x_wconf 88' lang='lat' dir='ltr'><strong>aa</strong></span> <span class='ocrx_word' id='word_1_544' title='bbox 3081 4385 3142 4442; x_wconf 89' lang='lat' dir='ltr'><strong>a,</strong></span> <span class='ocrx_word' id='word_1_545' title='bbox 3201 4368 3352 4424; x_wconf 90' lang='lat' dir='ltr'><strong>unde</strong></span> <span class='ocrx_word' id='word_1_546' title='bbox 3401 4363 3641 4422; x_wconf 85' lang='lat' dir='ltr'><strong>subalter-</strong></span> 
     </span>
     <span class='ocr_line' id='line_1_46' title="bbox 394 4448 3640 4532; baseline -0.001 -22"><span class='ocrx_word' id='word_1_547' title='bbox 394 4453 673 4527; x_wconf 64' lang='lat' dir='ltr'><strong>quoddam</strong></span> <span class='ocrx_word' id='word_1_548' title='bbox 716 4453 770 4510; x_wconf 92' lang='lat' dir='ltr'><strong>A</strong></span> <span class='ocrx_word' id='word_1_549' title='bbox 814 4471 927 4510; x_wconf 88' lang='lat' dir='ltr'><strong>non</strong></span> <span class='ocrx_word' id='word_1_550' title='bbox 970 4473 1087 4512; x_wconf 79' lang='lat' dir='ltr'><strong>esse</strong></span> <span class='ocrx_word' id='word_1_551' title='bbox 1130 4457 1191 4512; x_wconf 90' lang='lat' dir='ltr'><strong>B.</strong></span> <span class='ocrx_word' id='word_1_552' title='bbox 2083 4459 2271 4517; x_wconf 83' lang='lat' dir='ltr'><strong>nando</strong></span> <span class='ocrx_word' id='word_1_553' title='bbox 2313 4458 2451 4532; x_wconf 89' lang='lat' dir='ltr'><strong>aai,</strong></span> <span class='ocrx_word' id='word_1_554' title='bbox 2499 4475 2572 4514; x_wconf 89' lang='lat' dir='ltr'><strong>ex</strong></span> <span class='ocrx_word' id='word_1_555' title='bbox 2617 4457 2936 4514; x_wconf 88' lang='lat' dir='ltr'><strong>exclusione</strong></span> <span class='ocrx_word' id='word_1_556' title='bbox 2977 4459 3042 4513; x_wconf 80' lang='lat' dir='ltr'><strong>fit</strong></span> <span class='ocrx_word' id='word_1_557' title='bbox 3082 4473 3204 4513; x_wconf 89' lang='lat' dir='ltr'><strong>eae</strong></span> <span class='ocrx_word' id='word_1_558' title='bbox 3217 4497 3234 4531; x_wconf 92' lang='lat'>,</span> <span class='ocrx_word' id='word_1_559' title='bbox 3291 4455 3437 4511; x_wconf 86' lang='lat' dir='ltr'><strong>unde</strong></span> <span class='ocrx_word' id='word_1_560' title='bbox 3479 4448 3640 4508; x_wconf 87' lang='lat' dir='ltr'><strong>subal-</strong></span> 
     </span>
     <span class='ocr_line' id='line_1_47' title="bbox 486 4539 3641 4619; baseline 0.002 -22"><span class='ocrx_word' id='word_1_561' title='bbox 486 4541 542 4597; x_wconf 84' lang='lat'><strong>8.</strong></span> <span class='ocrx_word' id='word_1_562' title='bbox 587 4542 647 4599; x_wconf 92' lang='lat' dir='ltr'><strong>Si</strong></span> <span class='ocrx_word' id='word_1_563' title='bbox 687 4541 744 4597; x_wconf 99' lang='lat' dir='ltr'><strong>A</strong></span> <span class='ocrx_word' id='word_1_564' title='bbox 788 4544 1030 4600; x_wconf 89' lang='lat' dir='ltr'><strong>excludit</strong></span> <span class='ocrx_word' id='word_1_565' title='bbox 1087 4546 1159 4619; x_wconf 92' lang='lat' dir='ltr'><strong>B,</strong></span> <span class='ocrx_word' id='word_1_566' title='bbox 1214 4546 1459 4604; x_wconf 82' lang='lat' dir='ltr'><strong>vicissim</strong></span> <span class='ocrx_word' id='word_1_567' title='bbox 1512 4549 1559 4604; x_wconf 90' lang='lat' dir='ltr'><strong>B</strong></span> <span class='ocrx_word' id='word_1_568' title='bbox 1612 4547 1856 4605; x_wconf 84' lang='lat' dir='ltr'><strong>excludit</strong></span> <span class='ocrx_word' id='word_1_569' title='bbox 1909 4547 1977 4604; x_wconf 89' lang='lat' dir='ltr'><strong>A.</strong></span> <span class='ocrx_word' id='word_1_570' title='bbox 2027 4580 2033 4617; x_wconf 59' lang='lat'><em>2</em></span> <span class='ocrx_word' id='word_1_571' title='bbox 2081 4549 2350 4606; x_wconf 86' lang='lat' dir='ltr'><strong>ternando</strong></span> <span class='ocrx_word' id='word_1_572' title='bbox 2393 4549 2457 4603; x_wconf 86' lang='lat' dir='ltr'><strong>fit</strong></span> <span class='ocrx_word' id='word_1_573' title='bbox 2500 4563 2655 4619; x_wconf 86' lang='lat' dir='ltr'><strong>cao,</strong></span> <span class='ocrx_word' id='word_1_574' title='bbox 2702 4547 2799 4604; x_wconf 84' lang='lat' dir='ltr'><strong>sed</strong></span> <span class='ocrx_word' id='word_1_575' title='bbox 2843 4547 2974 4618; x_wconf 88' lang='lat' dir='ltr'><strong>quia</strong></span> <span class='ocrx_word' id='word_1_576' title='bbox 3017 4563 3063 4602; x_wconf 91' lang='lat' dir='ltr'><strong>e.</strong></span> <span class='ocrx_word' id='word_1_577' title='bbox 3120 4545 3222 4602; x_wconf 91' lang='grc' dir='ltr'><strong>ΒΟ</strong></span> <span class='ocrx_word' id='word_1_578' title='bbox 3264 4543 3451 4601; x_wconf 78' lang='lat' dir='ltr'><strong>inferri</strong></span> <span class='ocrx_word' id='word_1_579' title='bbox 3481 4539 3641 4614; x_wconf 62' lang='lat' dir='ltr'><strong>polffit</strong></span> 
     </span>
    </p>
   </div>
   <div class='ocr_carea' id='block_1_12' title="bbox 282 4621 3639 4708">
    <p class='ocr_par' dir='ltr' id='par_1_12' title="bbox 282 4621 3639 4708">
     <span class='ocr_line' id='line_1_48' title="bbox 282 4621 3639 4708; baseline -0.002 -20"><span class='ocrx_word' id='word_1_580' title='bbox 282 4621 287 4626; x_wconf 63' lang='grc'><strong><em>’</em></strong></span> <span class='ocrx_word' id='word_1_581' title='bbox 393 4631 517 4688; x_wconf 84' lang='lat' dir='ltr'><strong>Hoc</strong></span> <span class='ocrx_word' id='word_1_582' title='bbox 566 4635 650 4688; x_wconf 87' lang='lat' dir='ltr'><strong>est</strong></span> <span class='ocrx_word' id='word_1_583' title='bbox 702 4633 1118 4690; x_wconf 75' lang='lat' dir='ltr'><strong>fundamentum</strong></span> <span class='ocrx_word' id='word_1_584' title='bbox 1168 4637 1653 4695; x_wconf 83' lang='lat' dir='ltr'><strong>conversionis</strong></span> <span class='ocrx_word' id='word_1_585' title='bbox 1707 4637 1981 4708; x_wconf 90' lang='lat' dir='ltr'><strong>simpli·</strong></span> <span class='ocrx_word' id='word_1_586' title='bbox 2027 4622 2032 4673; x_wconf 80' lang='lat'><em>¹</em></span> <span class='ocrx_word' id='word_1_587' title='bbox 2079 4654 2152 4694; x_wconf 89' lang='lat' dir='ltr'><strong>ex</strong></span> <span class='ocrx_word' id='word_1_588' title='bbox 2197 4655 2230 4694; x_wconf 91' lang='lat' dir='ltr'><strong>e</strong></span> <span class='ocrx_word' id='word_1_589' title='bbox 2261 4637 2365 4708; x_wconf 88' lang='lat' dir='ltr'><strong>CB,</strong></span> <span class='ocrx_word' id='word_1_590' title='bbox 2411 4635 2538 4692; x_wconf 87' lang='lat' dir='ltr'><strong>hinc</strong></span> <span class='ocrx_word' id='word_1_591' title='bbox 2581 4637 2644 4691; x_wconf 86' lang='lat' dir='ltr'><strong>fit</strong></span> <span class='ocrx_word' id='word_1_592' title='bbox 2679 4651 2727 4692; x_wconf 90' lang='lat' dir='ltr'><strong>e.</strong></span> <span class='ocrx_word' id='word_1_593' title='bbox 2771 4636 2877 4707; x_wconf 89' lang='lat' dir='ltr'><strong>CB,</strong></span> <span class='ocrx_word' id='word_1_594' title='bbox 2924 4652 2976 4691; x_wconf 91' lang='lat' dir='ltr'><strong>a.</strong></span> <span class='ocrx_word' id='word_1_595' title='bbox 3019 4634 3138 4708; x_wconf 89' lang='lat' dir='ltr'><strong>AB,</strong></span> <span class='ocrx_word' id='word_1_596' title='bbox 3184 4651 3234 4691; x_wconf 93' lang='lat' dir='ltr'><strong>e.</strong></span> <span class='ocrx_word' id='word_1_597' title='bbox 3281 4633 3394 4708; x_wconf 80' lang='lat' dir='ltr'><strong>Ac,</strong></span> <span class='ocrx_word' id='word_1_598' title='bbox 3439 4633 3492 4686; x_wconf 88' lang='lat' dir='ltr'><strong>et</strong></span> <span class='ocrx_word' id='word_1_599' title='bbox 3529 4625 3639 4682; x_wconf 87' lang='lat' dir='ltr'><strong>sub-</strong></span> 
     </span>
    </p>
   </div>
   <div class='ocr_carea' id='block_1_13' title="bbox 392 4719 3640 5243">
    <p class='ocr_par' dir='ltr' id='par_1_13' title="bbox 392 4719 3155 4802">
     <span class='ocr_line' id='line_1_49' title="bbox 392 4719 3155 4802; baseline 0.003 -27"><span class='ocrx_word' id='word_1_600' title='bbox 392 4719 571 4776; x_wconf 87' lang='lat' dir='ltr'><strong>citer</strong></span> <span class='ocrx_word' id='word_1_601' title='bbox 622 4722 867 4779; x_wconf 77' lang='lat' dir='ltr'><strong>factae.</strong></span> <span class='ocrx_word' id='word_1_602' title='bbox 970 4722 1117 4779; x_wconf 87' lang='lat' dir='ltr'><strong>Nam</strong></span> <span class='ocrx_word' id='word_1_603' title='bbox 1169 4725 1297 4782; x_wconf 89' lang='lat' dir='ltr'><strong>hinc</strong></span> <span class='ocrx_word' id='word_1_604' title='bbox 1351 4722 1485 4802; x_wconf 83' lang='lat' dir='ltr'><strong>(per</strong></span> <span class='ocrx_word' id='word_1_605' title='bbox 1520 4727 1615 4796; x_wconf 88' lang='grc'><strong>2.)</strong></span> <span class='ocrx_word' id='word_1_606' title='bbox 1670 4727 1720 4782; x_wconf 86' lang='lat' dir='ltr'><strong>si</strong></span> <span class='ocrx_word' id='word_1_607' title='bbox 1762 4726 1978 4782; x_wconf 88' lang='lat' dir='ltr'><strong>nullum</strong></span> <span class='ocrx_word' id='word_1_608' title='bbox 2079 4723 2402 4782; x_wconf 85' lang='lat' dir='ltr'><strong>alternando</strong></span> <span class='ocrx_word' id='word_1_609' title='bbox 2443 4741 2492 4779; x_wconf 90' lang='lat' dir='ltr'><strong>e.</strong></span> <span class='ocrx_word' id='word_1_610' title='bbox 2539 4724 2652 4797; x_wconf 88' lang='lat' dir='ltr'><strong>CB,</strong></span> <span class='ocrx_word' id='word_1_611' title='bbox 2700 4741 2736 4780; x_wconf 93' lang='lat' dir='ltr'><strong>a</strong></span> <span class='ocrx_word' id='word_1_612' title='bbox 2779 4723 2906 4798; x_wconf 91' lang='lat' dir='ltr'><strong>AB,</strong></span> <span class='ocrx_word' id='word_1_613' title='bbox 2953 4739 2989 4779; x_wconf 95' lang='lat' dir='ltr'><strong>o</strong></span> <span class='ocrx_word' id='word_1_614' title='bbox 3032 4723 3155 4782; x_wconf 88' lang='lat' dir='ltr'><strong>Ac.</strong></span> 
     </span>
    </p>

    <p class='ocr_par' dir='ltr' id='par_1_14' title="bbox 393 4803 3636 4889">
     <span class='ocr_line' id='line_1_50' title="bbox 393 4803 3636 4889; baseline 0 -24"><span class='ocrx_word' id='word_1_615' title='bbox 393 4808 448 4865; x_wconf 93' lang='lat' dir='ltr'><strong>A</strong></span> <span class='ocrx_word' id='word_1_616' title='bbox 491 4812 575 4864; x_wconf 64' lang='lat' dir='ltr'><strong>est</strong></span> <span class='ocrx_word' id='word_1_617' title='bbox 616 4809 680 4882; x_wconf 92' lang='lat' dir='ltr'><strong>B,</strong></span> <span class='ocrx_word' id='word_1_618' title='bbox 727 4810 896 4867; x_wconf 85' lang='lat' dir='ltr'><strong>etiam</strong></span> <span class='ocrx_word' id='word_1_619' title='bbox 938 4813 1149 4869; x_wconf 86' lang='lat' dir='ltr'><strong>nullam</strong></span> <span class='ocrx_word' id='word_1_620' title='bbox 1182 4815 1229 4870; x_wconf 90' lang='lat' dir='ltr'>B</span> <span class='ocrx_word' id='word_1_621' title='bbox 1272 4818 1355 4871; x_wconf 87' lang='lat' dir='ltr'><strong>est</strong></span> <span class='ocrx_word' id='word_1_622' title='bbox 1397 4814 1468 4889; x_wconf 87' lang='lat' dir='ltr'><strong>A,</strong></span> <span class='ocrx_word' id='word_1_623' title='bbox 1515 4818 1572 4871; x_wconf 90' lang='lat' dir='ltr'><strong>et</strong></span> <span class='ocrx_word' id='word_1_624' title='bbox 1616 4813 1743 4888; x_wconf 89' lang='lat' dir='ltr'><strong>(per</strong></span> <span class='ocrx_word' id='word_1_625' title='bbox 1790 4814 1884 4887; x_wconf 85' lang='lat'><strong>4.)</strong></span> <span class='ocrx_word' id='word_1_626' title='bbox 1927 4815 1977 4869; x_wconf 88' lang='lat' dir='ltr'><strong>si</strong></span> <span class='ocrx_word' id='word_1_627' title='bbox 2177 4814 2272 4869; x_wconf 84' lang='grc'><strong>19.</strong></span> <span class='ocrx_word' id='word_1_628' title='bbox 2318 4812 2587 4885; x_wconf 76' lang='lat' dir='ltr'><strong>Regulam</strong></span> <span class='ocrx_word' id='word_1_629' title='bbox 2629 4813 2926 4870; x_wconf 85' lang='lat' dir='ltr'><strong>secundam</strong></span> <span class='ocrx_word' id='word_1_630' title='bbox 2967 4812 3050 4868; x_wconf 90' lang='lat' dir='ltr'><strong>sic</strong></span> <span class='ocrx_word' id='word_1_631' title='bbox 3091 4811 3372 4868; x_wconf 68' lang='lat' dir='ltr'><strong>enunties:</strong></span> <span class='ocrx_word' id='word_1_632' title='bbox 3415 4803 3636 4864; x_wconf 75' lang='lat' dir='ltr'><strong>Medium</strong></span> 
     </span>
    </p>

    <p class='ocr_par' dir='ltr' id='par_1_15' title="bbox 393 4891 3640 5065">
     <span class='ocr_line' id='line_1_51' title="bbox 393 4891 3640 4976; baseline 0 -23"><span class='ocrx_word' id='word_1_633' title='bbox 393 4897 672 4972; x_wconf 85' lang='lat' dir='ltr'><strong>quoddam</strong></span> <span class='ocrx_word' id='word_1_634' title='bbox 713 4899 769 4954; x_wconf 92' lang='lat' dir='ltr'><strong>A</strong></span> <span class='ocrx_word' id='word_1_635' title='bbox 810 4905 896 4956; x_wconf 89' lang='lat' dir='ltr'><strong>est</strong></span> <span class='ocrx_word' id='word_1_636' title='bbox 937 4901 999 4976; x_wconf 89' lang='lat' dir='ltr'><strong>B,</strong></span> <span class='ocrx_word' id='word_1_637' title='bbox 1048 4901 1217 4958; x_wconf 89' lang='lat' dir='ltr'><strong>etiam</strong></span> <span class='ocrx_word' id='word_1_638' title='bbox 1259 4903 1535 4976; x_wconf 89' lang='lat' dir='ltr'><strong>quoddam</strong></span> <span class='ocrx_word' id='word_1_639' title='bbox 1577 4903 1624 4959; x_wconf 90' lang='grc' dir='ltr'>Β</span> <span class='ocrx_word' id='word_1_640' title='bbox 1668 4908 1751 4960; x_wconf 70' lang='lat' dir='ltr'><strong>est</strong></span> <span class='ocrx_word' id='word_1_641' title='bbox 1793 4903 1866 4960; x_wconf 91' lang='lat' dir='ltr'><strong>A.</strong></span> <span class='ocrx_word' id='word_1_642' title='bbox 2080 4901 2328 4971; x_wconf 85' lang='lat' dir='ltr'><strong>subjecto</strong></span> <span class='ocrx_word' id='word_1_643' title='bbox 2371 4903 2654 4959; x_wconf 89' lang='lat' dir='ltr'><strong>exclusum</strong></span> <span class='ocrx_word' id='word_1_644' title='bbox 2712 4901 2881 4958; x_wconf 86' lang='lat' dir='ltr'><strong>etiam</strong></span> <span class='ocrx_word' id='word_1_645' title='bbox 2923 4901 3330 4974; x_wconf 83' lang='lat' dir='ltr'><strong>praedicatum,</strong></span> <span class='ocrx_word' id='word_1_646' title='bbox 3381 4915 3439 4954; x_wconf 89' lang='lat' dir='ltr'><strong>se</strong></span> <span class='ocrx_word' id='word_1_647' title='bbox 3488 4891 3640 4949; x_wconf 79' lang='lat' dir='ltr'><strong>inclu-</strong></span> 
     </span>
     <span class='ocr_line' id='line_1_52' title="bbox 486 4943 3636 5065; baseline 0.002 -22"><span class='ocrx_word' id='word_1_648' title='bbox 486 4987 546 5044; x_wconf 95' lang='grc'><strong>9.</strong></span> <span class='ocrx_word' id='word_1_649' title='bbox 590 4987 649 5044; x_wconf 76' lang='lat' dir='ltr'><strong>si</strong></span> <span class='ocrx_word' id='word_1_650' title='bbox 692 4987 747 5044; x_wconf 82' lang='lat' dir='ltr'><strong>A</strong></span> <span class='ocrx_word' id='word_1_651' title='bbox 789 4943 1021 5048; x_wconf 64' lang='lat' dir='ltr'><strong>includit</strong></span> <span class='ocrx_word' id='word_1_652' title='bbox 1049 4990 1114 5065; x_wconf 90' lang='grc' dir='ltr'><strong>Β,</strong></span> <span class='ocrx_word' id='word_1_653' title='bbox 1161 4991 1286 5049; x_wconf 81' lang='lat' dir='ltr'><strong>hinc</strong></span> <span class='ocrx_word' id='word_1_654' title='bbox 1330 4993 1459 5065; x_wconf 77' lang='lat' dir='ltr'><strong>(per</strong></span> <span class='ocrx_word' id='word_1_655' title='bbox 1509 4994 1538 5048; x_wconf 94' lang='lat'>1</span> <span class='ocrx_word' id='word_1_656' title='bbox 1574 4997 1633 5048; x_wconf 75' lang='lat' dir='ltr'><strong>et</strong></span> <span class='ocrx_word' id='word_1_657' title='bbox 1670 4993 1758 5064; x_wconf 88' lang='lat'><strong>4.)</strong></span> <span class='ocrx_word' id='word_1_658' title='bbox 1803 4991 1980 5050; x_wconf 80' lang='lat' dir='ltr'><strong>nasci-</strong></span> <span class='ocrx_word' id='word_1_659' title='bbox 2025 4991 2232 5063; x_wconf 60' lang='lat' dir='ltr'><strong>sens,</strong></span> <span class='ocrx_word' id='word_1_660' title='bbox 2281 4989 2528 5060; x_wconf 69' lang='lat' dir='ltr'><strong>subsecto</strong></span> <span class='ocrx_word' id='word_1_661' title='bbox 2571 4990 2790 5048; x_wconf 79' lang='lat' dir='ltr'><strong>excludi</strong></span> <span class='ocrx_word' id='word_1_662' title='bbox 2834 4989 3093 5047; x_wconf 60' lang='lat' dir='ltr'><strong>ostendit.</strong></span> <span class='ocrx_word' id='word_1_663' title='bbox 3181 4988 3326 5046; x_wconf 75' lang='lat' dir='ltr'><strong>Hine</strong></span> <span class='ocrx_word' id='word_1_664' title='bbox 3369 4987 3430 5043; x_wconf 85' lang='lat' dir='ltr'><strong>fit</strong></span> <span class='ocrx_word' id='word_1_665' title='bbox 3468 5000 3502 5039; x_wconf 78' lang='lat' dir='ltr'><strong>a</strong></span> <span class='ocrx_word' id='word_1_666' title='bbox 3537 4977 3636 5048; x_wconf 73' lang='lat' dir='ltr'><strong>CB,</strong></span> 
     </span>
    </p>

    <p class='ocr_par' dir='ltr' id='par_1_16' title="bbox 394 5067 3640 5162">
     <span class='ocr_line' id='line_1_53' title="bbox 394 5067 3640 5162; baseline 0.003 -30"><span class='ocrx_word' id='word_1_667' title='bbox 394 5079 487 5135; x_wconf 91' lang='lat' dir='ltr'><strong>tur</strong></span> <span class='ocrx_word' id='word_1_668' title='bbox 528 5077 904 5134; x_wconf 85' lang='lat' dir='ltr'><strong>conversio</strong></span> <span class='ocrx_word' id='word_1_669' title='bbox 945 5096 1065 5153; x_wconf 90' lang='lat' dir='ltr'><strong>per</strong></span> <span class='ocrx_word' id='word_1_670' title='bbox 1106 5080 1446 5146; x_wconf 84' lang='lat' dir='ltr'><strong>accidens.</strong></span> <span class='ocrx_word' id='word_1_671' title='bbox 1535 5067 2030 5162; x_wconf 53' lang='lat' dir='ltr'><strong>omneAestQ}</strong></span> <span class='ocrx_word' id='word_1_672' title='bbox 2081 5098 2114 5136; x_wconf 86' lang='lat' dir='ltr'><strong>e</strong></span> <span class='ocrx_word' id='word_1_673' title='bbox 2156 5079 2297 5154; x_wconf 88' lang='lat' dir='ltr'><strong>AB,</strong></span> <span class='ocrx_word' id='word_1_674' title='bbox 2343 5097 2378 5137; x_wconf 80' lang='lat' dir='ltr'><strong>e</strong></span> <span class='ocrx_word' id='word_1_675' title='bbox 2420 5079 2539 5150; x_wconf 81' lang='lat' dir='ltr'><strong>(vel</strong></span> <span class='ocrx_word' id='word_1_676' title='bbox 2581 5079 2644 5150; x_wconf 89' lang='lat'><strong>0)</strong></span> <span class='ocrx_word' id='word_1_677' title='bbox 2691 5079 2830 5150; x_wconf 78' lang='lat' dir='ltr'><strong>AC3</strong></span> <span class='ocrx_word' id='word_1_678' title='bbox 2873 5079 2971 5151; x_wconf 80' lang='lat' dir='ltr'><strong>qui</strong></span> <span class='ocrx_word' id='word_1_679' title='bbox 3014 5079 3212 5136; x_wconf 75' lang='lat' dir='ltr'><strong>modus</strong></span> <span class='ocrx_word' id='word_1_680' title='bbox 3241 5093 3369 5142; x_wconf 73' lang='lat' dir='ltr'><strong>cum</strong></span> <span class='ocrx_word' id='word_1_681' title='bbox 3397 5089 3490 5149; x_wconf 66' lang='lat'>1²⁶¹·</span> <span class='ocrx_word' id='word_1_682' title='bbox 3528 5083 3640 5125; x_wconf 79' lang='lat'>0⁰¹¹</span> 
     </span>
    </p>

    <p class='ocr_par' dir='ltr' id='par_1_17' title="bbox 393 5159 3637 5243">
     <span class='ocr_line' id='line_1_54' title="bbox 393 5159 3637 5243; baseline -0.002 -19"><span class='ocrx_word' id='word_1_683' title='bbox 393 5181 525 5240; x_wconf 78' lang='lat' dir='ltr'><strong>ergo</strong></span> <span class='ocrx_word' id='word_1_684' title='bbox 567 5166 845 5238; x_wconf 85' lang='lat' dir='ltr'><strong>quoddam</strong></span> <span class='ocrx_word' id='word_1_685' title='bbox 888 5168 935 5224; x_wconf 93' lang='lat' dir='ltr'>B</span> <span class='ocrx_word' id='word_1_686' title='bbox 978 5172 1061 5226; x_wconf 86' lang='lat' dir='ltr'><strong>est</strong></span> <span class='ocrx_word' id='word_1_687' title='bbox 1102 5171 1172 5231; x_wconf 95' lang='lat' dir='ltr'><strong>A.</strong></span> <span class='ocrx_word' id='word_1_688' title='bbox 2027 5177 2034 5239; x_wconf 66' lang='grc' dir='ltr'><strong>ξ</strong></span> <span class='ocrx_word' id='word_1_689' title='bbox 2081 5169 2392 5228; x_wconf 76' lang='lat' dir='ltr'><strong>versionem</strong></span> <span class='ocrx_word' id='word_1_690' title='bbox 2435 5167 2764 5243; x_wconf 83' lang='lat' dir='ltr'><strong>simpliciter</strong></span> <span class='ocrx_word' id='word_1_691' title='bbox 2805 5168 2978 5243; x_wconf 88' lang='lat' dir='ltr'><strong>ipsius</strong></span> <span class='ocrx_word' id='word_1_692' title='bbox 3021 5185 3055 5226; x_wconf 87' lang='lat' dir='ltr'><strong>e</strong></span> <span class='ocrx_word' id='word_1_693' title='bbox 3097 5167 3210 5226; x_wconf 88' lang='lat' dir='ltr'><strong>AB</strong></span> <span class='ocrx_word' id='word_1_694' title='bbox 3251 5168 3312 5225; x_wconf 88' lang='lat' dir='ltr'><strong>in</strong></span> <span class='ocrx_word' id='word_1_695' title='bbox 3353 5182 3386 5222; x_wconf 90' lang='lat' dir='ltr'><strong>e</strong></span> <span class='ocrx_word' id='word_1_696' title='bbox 3425 5159 3531 5220; x_wconf 83' lang='lat' dir='ltr'><strong>BA</strong></span> <span class='ocrx_word' id='word_1_697' title='bbox 3569 5171 3637 5211; x_wconf 67' lang='lat' dir='ltr'><strong>se‘</strong></span> 
     </span>
    </p>
   </div>
  </div>
 </body>
</html>
