3717 5850
341 327 433 398 28

1433 333 1505 394 11.
1569 331 1672 392 DE
1697 330 1902 392 anm
1940 329 2521 391 ooMBmA'roRm.

447 473 1925 552 smtiafflmlldasmmgmmpermmin

449 571 546 629 lv.
569 573 738 640 actus,
759 566 821 622 in
841 565 912 624 V.
933 566 1086 638 flneS,
1109 563 1652 623 inVLinstrumenta
1671 568 1925 622 exemtae

449 656 703 730 actioniS,
731 671 832 712 seu
856 654 1058 727 quibus
1085 654 1168 710 uti
1205 653 1268 710 in
1295 658 1487 711 nostra
1524 657 1795 730 potestate
1821 657 1924 726 est,

449 749 628 805 tacere
673 747 861 801 autem
911 759 998 816 ca,
1047 758 1166 800 non
1213 746 1318 803 cst.
1397 743 1521 802 vn.
1561 743 1926 800 instrumenta

1497 882 1632 942 Ubi.

459 888 516 946 l.
547 887 663 945 An.
957 883 1098 941 Cum
1125 899 1254 960 quo.

454 976 518 1035 2.
545 977 780 1034 Bellum.
955 974 1098 1032 Pax.
1502 971 1780 1030 Induciae.

457 1065 518 1124 3.
546 1065 846 1124 Patr-iotae.
955 1061 1194 1120 Subditi.
1501 1059 1810 1118 Foederati.

458 1157 520 1214 4.
549 1155 796 1214 Manere.
962 1150 1185 1208 Cedere.
1501 1151 1771 1223 Pugnare.

457 1245 517 1306 5.
549 1245 745 1303 Decus.
955 1239 1208 1300 Lucrum.
1499 1235 1848 1296 obedientia.

457 1334 518 1392 6.
549 1333 662 1390 Sol.
957 1329 1138 1400 Aqua.
1496 1326 1727 1386 Ventus.

458 1421 518 1480 7.
547 1421 767 1480 Cunus.
955 1418 1162 1475 Scalae.
1491 1415 1714 1474 Pontes.

457 1511 518 1569 8.
547 1510 806 1568 Pecunia.
958 1507 1326 1564 commeatus.
1488 1503 1676 1563 Pulvis
1704 1503 1897 1562 Torm.

456 1599 518 1658 9.
547 1597 850 1656 Excubiae.
961 1595 1132 1653 Ordo.
1491 1591 1808 1668 Impressio.

342 1723 435 1795 ,93
452 1722 618 1780 Fiant
645 1737 848 1778 novem
881 1723 1042 1776 rotae
1079 1733 1154 1774 ex
1183 1731 1424 1791 papyro,
1473 1732 1666 1774 omnes
1703 1731 1935 1773 concen-

456 1811 643 1885 tricae,
673 1814 734 1866 et
759 1827 820 1865 se
845 1808 1086 1865 invicem
1112 1804 1528 1880 circumdantes,
1569 1806 1650 1862 ita
1677 1810 1742 1862 ut
1769 1821 1934 1878 quae·

454 1899 596 1957 libet
629 1897 854 1970 reliquis
901 1894 1148 1954 immotis
1195 1893 1370 1950 rotari
1407 1894 1602 1967 possit.
1683 1893 1771 1950 lta
1807 1909 1935 1966 pro-

456 1991 612 2043 mota
665 1986 860 2043 leviter
915 1997 1234 2057 quacunque
1288 1985 1413 2038 rota
1461 1999 1609 2040 nova
1663 1982 1931 2057 quaestio,

455 2091 605 2132 nova
630 2073 942 2147 complexio
967 2071 1234 2146 prodibit.
1290 2070 1496 2128 Verum
1521 2088 1650 2128 cum
1675 2071 1762 2128 hic
1788 2071 1936 2128 inter

456 2181 546 2222 res
571 2163 820 2234 ejusdem
846 2162 1034 2218 classis
1062 2177 1180 2216 non
1205 2159 1365 2216 detur
1390 2159 1726 2234 complexio,
1767 2163 1935 2232 atque

455 2253 538 2310 ita
563 2256 810 2308 accurate
837 2249 1112 2324 loquendo
1139 2265 1256 2306 non
1281 2249 1358 2305 sit
1395 2249 1706 2323 complexio
1745 2249 1935 2305 termi-

456 2357 658 2398 norum
699 2357 827 2397 cum
863 2337 1132 2413 tenniniS,
1163 2338 1262 2395 sed
1287 2338 1548 2395 classium
1581 2353 1709 2395 cum
1745 2337 1934 2394 classi·

455 2429 578 2504 bm,
591 2429 886 2503 pertinebit
895 2427 1234 2502 computatio
1243 2427 1564 2484 variationis
1583 2428 1658 2484 ad
1674 2426 1852 2500 probl.
1869 2426 1930 2482 3.

455 2519 733 2586 Quoniam
771 2521 958 2574 tamen
993 2515 1306 2590 complexio
1349 2517 1549 2591 etiam,
1589 2532 1732 2589 quae
1767 2514 1932 2586 huius

457 2607 566 2665 loci
604 2613 706 2682 est,
749 2611 935 2680 potest
971 2605 1368 2679 repraesentari
1408 2605 1562 2678 rotis,
1593 2609 1658 2662 ut
1685 2619 1823 2660 mox
1849 2603 1933 2660 di-

455 2711 658 2770 cemuS,
691 2695 820 2752 fecit
845 2695 1120 2770 cognatio,
1151 2697 1218 2750 ut
1243 2709 1776 2767 praeoccupas-emus.
1843 2691 1934 2750 Sic

455 2785 626 2859 igitur
664 2784 1030 2841 inveniemus:
1081 2782 1472 2855 multiplicetur
1511 2783 1568 2838 6.
1621 2783 1682 2838 in
1731 2799 1792 2838 se
1831 2798 1933 2837 no·

457 2874 600 2930 vies:
634 2875 694 2933 6.
721 2875 778 2929 6.
805 2875 864 2931 6.
893 2874 955 2929 6.
979 2876 1040 2931 6.
1065 2875 1126 2930 6.
1153 2873 1214 2929 6.
1241 2872 1302 2930 6.
1337 2863 1392 2908 0
1427 2873 1484 2931 6.
1515 2887 1613 2929 seu
1639 2874 1934 2945 quaeratur

457 2962 768 3037 progressio
826 2961 1156 3035 geometrica
1222 2962 1478 3033 sextupla
1541 2960 1696 3031 cujus
1763 2976 1935 3033 expo·

457 3068 596 3109 nens
627 3053 685 3127 9,
727 3054 855 3108 aut:
897 3051 1039 3107 Cubi
1077 3050 1251 3107 cubus
1289 3049 1360 3105 de
1401 3051 1458 3106 6.
1489 3052 1527 3105 s.
1567 3048 1931 3106 10077696.

457 3142 676 3197 tantum
713 3143 975 3213 superest,
1017 3142 1080 3195 ut
1107 3139 1222 3194 sint
1259 3138 1442 3207 solum
1473 3138 1616 3195 216.
1660 3138 1933 3209 quaestio-

355 3228 435 3285 94
459 3246 585 3303 nes,
628 3229 778 3302 quod
815 3231 974 3302 putat
1012 3226 1567 3283 HarsdorfferuS.
1645 3226 1935 3283 Caeterum

457 3318 672 3391 quoties
721 3318 784 3373 in
831 3316 1310 3389 complexionibus
1355 3315 1560 3387 singuli
1597 3315 1824 3372 termini
1872 3314 1933 3370 in

458 3407 702 3478 singulos
730 3406 1016 3479 ducuntur,
1049 3406 1129 3461 ibi
1151 3422 1368 3461 necesse
1395 3408 1482 3460 est
1507 3408 1595 3461 tot
1615 3404 1730 3461 fieri
1759 3408 1929 3477 rotas,

457 3499 597 3569 quot
631 3494 872 3551 unitates
907 3494 1154 3559 continet
1190 3509 1448 3549 numerus
1485 3510 1695 3551 rerum:
1735 3493 1933 3549 deinde

459 3600 678 3640 neccsse
724 3588 810 3639 est
857 3583 1090 3655 singulis
1139 3582 1278 3639 rotis
1327 3582 1556 3639 inscribi
1593 3598 1786 3639 omnes
1823 3598 1928 3637 res.

457 3673 544 3729 lta
571 3672 738 3727 variis
765 3677 1012 3728 rotarum
1037 3671 1494 3729 conversionibus
1521 3672 1933 3744 complexiones

453 3761 881 3819 innumerabiles
901 3760 1206 3833 gignentur.
1261 3761 1542 3832 Eruntque
1573 3777 1764 3816 onmes
1781 3776 1933 3816 com-

455 3850 742 3923 plexiones
779 3850 935 3922 quasi
978 3849 1102 3918 jam
1151 3849 1388 3921 scriptae
1436 3850 1684 3922 seorsim,
1729 3848 1931 3920 quibus

453 3956 644 3996 revera
693 3937 993 3995 scribendis
1043 3938 1142 3993 vix
1193 3938 1426 4010 grandes
1463 3937 1596 3994 libri
1643 3938 1929 3993 sufficient.

352 4029 433 4085 95
454 4027 546 4084 Sic
572 4028 806 4100 ipsemet
833 4026 1180 4083 doctissimus
1203 4025 1591 4081 Harsdorst’.
1620 4026 1683 4080 P.
1711 4026 1766 4080 3.
1798 4030 1927 4081 sect.

461 4116 558 4172 14.
597 4132 753 4189 prop.
799 4116 858 4169 5.
898 4116 1206 4171 machinam
1249 4114 1304 4169 5.
1344 4117 1592 4171 rotarum
1627 4115 1933 4169 conccntri-

453 4220 642 4259 carum
709 4204 1043 4274 construxit,
1109 4219 1276 4275 quam
1333 4206 1524 4275 vocat,
1589 4192 1929 4275 ῧΐιιιῆαώεη

451 4282 776 4366 Dendtinn
807 4288 902 4350 bet
931 4284 1199 4365 teutt'tben
1231 4282 1511 4364 &praebe
1581 4291 1691 4347 Ubi
1719 4291 1780 4347 in
1805 4295 1931 4347 rota

451 4380 652 4437 intima
678 4384 808 4436 sunt
839 4380 938 4435 48.
1008 4372 1358 4453 Qudnlbtn'
1394 4380 1457 4435 in
1483 4380 1792 4452 penintima
1821 4382 1926 4439 60.

367 4456 372 4474 ’
449 4461 762 4544 Quiane&
807 4463 924 4528 nub
954 4459 1476 4543 fficimbutbt'taben,
1519 4469 1582 4524 in
1609 4470 1794 4525 media
1829 4470 1928 4525 12.

451 4549 1062 4631 fflittelaissussstdben
1078 4597 1098 4630 ,
1142 4559 1358 4614 vocales
1395 4574 1596 4630 nempe
1643 4558 1736 4614 vel
1773 4558 1927 4631 diph-

451 4646 674 4719 thongi3
705 4647 765 4701 in
792 4648 1112 4721 pencxtima
1161 4648 1307 4705 120.
1379 4637 1927 4720 ansffludpfiaben,

451 4735 514 4791 in
539 4735 753 4791 extima
783 4736 885 4791 24.
917 4727 1292 4810 ffiassftssben.
1369 4734 1437 4791 ln
1473 4737 1572 4792 has
1599 4752 1794 4792 omnes
1829 4753 1928 4791 vo·

449 4840 540 4879 ces
581 4825 919 4896 germanicas
955 4826 1158 4880 resolvi
1195 4825 1494 4880 contendit.
1571 4824 1712 4880 Cum
1739 4825 1826 4881 hic
1853 4825 1927 4881 si·

451 4913 657 4969 militer
681 4914 880 4969 classes
920 4914 1033 4968 sint
1069 4913 1130 4967 in
1167 4913 1367 4969 classes
1405 4913 1698 4987 ducendae,
1741 4913 1928 4970 multi·

449 5002 736 5074 plicemus:
773 5000 872 5056 48.
907 5002 1011 5057 60.
1042 5002 1142 5057 12.
1175 5004 1318 5059 120.
1345 5002 1446 5056 24.
1479 5006 1652 5059 sactus
1679 5018 1754 5058 ex
1779 5002 1927 5075 prio·

451 5090 604 5147 ribus
641 5106 740 5163 per
777 5094 1111 5164 sequentem,
1153 5094 1192 5147 f.
1245 5090 1614 5148 97209600.
1694 5090 1804 5155 Qui
1839 5095 1927 5147 est

452 5194 710 5237 nmnerus
747 5194 946 5237 vocum
985 5181 1416 5253 gennmficamm
1443 5181 1572 5238 hinc
1609 5180 1923 5255 orientium,

2026 490 2169 550 quae
2190 479 2249 530 et
2267 472 2497 530 facimus
2516 477 2575 530 et
2592 469 2934 530 adhibemm.
2972 468 3121 529 VIII.
3144 469 3516 527 instrumenta

2028 579 2265 637 quorum
2302 579 2435 619 usus
2471 560 2782 619 consumtio
2808 564 2911 622 cst.
2982 559 3089 618 lx.
3128 563 3282 618 actus
3310 559 3509 618 finales

2028 669 2125 711 seu
2152 651 2441 726 proximos
2468 649 2802 709 executioni.
2832 665 2888 709 v.
2920 666 2973 723 g.

2038 880 2292 948 Quando.
2570 879 2883 946 QuomodO.
3072 877 3376 944 Quantum.

2034 969 2401 1044 Colloquium.
2575 968 2810 1028 Foedus.
3074 967 3426 1028 Transactio.

2041 1058 2301 1118 clientes.
2579 1057 2885 1116 Neutrales.
3074 1055 3297 1117 Hostes.
3514 1047 3521 1054 '

2038 1147 2334 1207 proficisci.
2576 1145 2893 1221 Expeditio.
3071 1145 3355 1217 Hyboena.

2037 1237 2332 1318 HonestaS.
2573 1233 2897 1294 Necessitas.
3072 1235 3470 1296 Commoditas.

2038 1325 2267 1385 Itinera.
2573 1324 2897 1398 Angustiae.
3074 1324 3322 1385 Occasio.

2039 1414 2298 1489 Ligonos
2563 1413 2751 1472 Palae.
3067 1412 3269 1474 Naves.

2040 1503 2210 1561 Globi
2235 1504 2428 1562 Torm.
2564 1501 2729 1576 Equi.
3068 1503 3495 1563 Medicamenta.

2036 1593 2329 1652 Securitas.
2565 1591 2843 1666 Agrcssio.
3076 1592 3333 1652 Consilia.

2035 1716 2255 1774 utinum
2294 1730 2394 1774 seu
2430 1713 2871 1790 significantium,
2910 1720 2971 1773 ot
3008 1716 3303 1774 iuuenum.
3368 1717 3515 1774 con·
3534 1718 3627 1775 ee

2034 1805 2239 1862 struxit
2276 1809 2335 1862 et
2372 1809 2525 1862 rotas
2562 1804 2799 1874 Raym.
2846 1804 3148 1878 Lullins3
3201 1809 3259 1861 et
3296 1805 3359 1862 in
3396 1807 3515 1863 the·

2034 1911 2198 1951 sauro
2248 1894 2385 1950 artis
2434 1893 2829 1950 memor-ativae
2856 1894 2990 1951 Ioh.
3035 1895 3237 1952 Henr.
3275 1895 3517 1952 Alete·

2034 1983 2214 2058 dius,
2244 1981 2401 2052 curius
2428 1981 2586 2056 rotis,
2626 1981 2688 2038 in
2716 1983 2917 2055 quibus
2942 1999 3032 2039 res
3058 1987 3119 2040 et
3144 1985 3513 2058 qmoefiones,

2034 2071 2251 2143 adjecta
2284 2076 2373 2128 est
2404 2087 2603 2128 norma
2645 2071 2887 2146 mobilis,
2926 2072 2991 2127 in
3026 2088 3136 2145 qna
3174 2073 3281 2128 loci
3316 2072 3512 2147 topici,

2034 2159 2331 2218 secumdum
2360 2176 2499 2233 quos
2526 2159 2597 2216 de
2623 2161 2789 2217 rebus
2818 2160 3130 2235 disseratur,
3162 2162 3514 2233 quaestiones

2033 2249 2365 2324 probentur3
2394 2253 2453 2305 et
2478 2249 2791 2305 stater-nitas
2820 2249 3033 2307 Roseae
3059 2249 3245 2306 Orucis
3270 2250 3331 2306 in
3360 2253 3515 2308 fama

2034 2355 2136 2395 sua
2192 2337 2469 2412 promittit
2523 2338 2789 2410 grandem
2844 2338 3051 2396 librum
3110 2338 3273 2396 titulo
3331 2340 3513 2396 Rotae

2032 2427 2231 2484 Mundi
2259 2427 2320 2483 in
2348 2443 2459 2500 quo
2488 2443 2654 2484 omne
2680 2427 2873 2484 scibile
2906 2428 3267 2486 contineatur.
3348 2427 3513 2486 Orbi·-

2032 2521 2151 2572 tam
2178 2516 2456 2590 quandam
2482 2516 2719 2590 pietatis,
2748 2519 2813 2572 ut
2837 2522 3017 2592 vocat,
3047 2515 3251 2587 adjecit
3276 2535 3377 2574 suo
3405 2518 3514 2574 Ve-

2032 2604 2205 2662 ridico
2234 2605 2543 2662 Clu-istiano
2580 2604 2727 2661 Joh.
2769 2602 3113 2662 Davidius
3148 2607 3270 2662 Soc.
3308 2606 3360 2663 J.
3420 2607 3513 2662 Ex

2032 2693 2229 2751 eodem
2255 2693 2531 2768 principio
2556 2693 3045 2766 complicatiomm
3082 2698 3167 2750 aet
3194 2695 3512 2753 Rhabdolo·

2033 2783 2125 2856 gia
2152 2782 2434 2858 Neperi,
2480 2788 2541 2840 et
2580 2782 2821 2857 pensiles
2858 2782 2988 2840 illae
3023 2785 3203 2857 Serae,
3239 2779 3324 2842 bie
3354 2778 3512 2844 fflots

2036 2862 2463 2949 Ιεςεῧῴίῦῐῖετ,
2514 2887 2657 2946 qme
2704 2870 2825 2928 sine
2870 2871 3041 2947 clave,
3096 2872 3342 2931 mirabili
3388 2878 3513 2931 arte

2034 2962 2369 3036 aperiuntin,
2400 2966 2603 3019 vocant
2630 2952 3142 3035 ffiabletbffiss'et,
3180 2979 3381 3036 nempe
3414 2980 3509 3019 su-

2034 3052 2275 3124 perficies
2314 3068 2466 3107 sex-ae
2494 3050 2726 3106 armillis
2765 3054 2909 3106 tecta
2947 3054 3049 3124 cst,
3090 3052 3251 3123 quasi
3288 3052 3511 3108 annulis

2034 3139 2391 3215 gyrabilibuS,
2442 3138 2672 3213 singulis
2721 3139 2943 3197 annulis
2990 3139 3185 3197 literae
3230 3141 3508 3213 alphabeti

2034 3228 2326 3302 inscriptae
2394 3233 2538 3284 sunt.
2653 3227 2827 3286 Pon-o
2894 3244 3049 3285 serae
3124 3232 3335 3286 certum
3406 3247 3509 3285 no-

2034 3334 2163 3373 men
2212 3317 2537 3389 impositum
2584 3320 2688 3391 est,
2742 3335 2795 3373 v.
2834 3335 2885 3391 g.
2925 3317 3211 3393 Ursula,
3262 3319 3511 3375 Gatha-

2033 3406 2215 3479 rina,
2266 3406 2341 3462 ad
2378 3406 2527 3479 quod
2562 3407 2671 3461 nisi
2709 3424 2839 3463 casu
2877 3405 2975 3479 qui
3012 3422 3218 3463 nomen
3268 3408 3510 3483 ignorat,

2032 3496 2365 3551 annulorum
2404 3498 2628 3567 gyrator
2664 3495 2951 3567 pervenire
2990 3512 3108 3551 non
3145 3500 3341 3569 potest.
3430 3497 3516 3553 At

2032 3584 2129 3657 qui
2156 3584 2315 3639 novit
2340 3600 2563 3658 nomen,
2598 3584 2681 3639 ita
2709 3587 2870 3657 gyrat
2896 3584 3131 3641 anmzlos
3160 3585 3414 3659 invicem,
3446 3590 3515 3642 ut

2032 3672 2257 3729 tandem
2292 3690 2499 3730 nomen
2544 3673 2793 3747 prodeat,
2847 3690 2945 3729 seu
2990 3674 3183 3730 literae
3230 3674 3509 3747 alphabeti

2031 3762 2223 3818 datum
2260 3778 2465 3819 nomen
2491 3762 2834 3819 conficientes
2874 3762 2988 3819 sint
3024 3779 3101 3819 ex
3138 3763 3373 3819 diversis
3408 3780 3513 3819 an-

2030 3852 2179 3907 nulis
2206 3850 2267 3906 in
2294 3851 2486 3907 cadem
2512 3851 2678 3924 linea,
2702 3851 2857 3921 Justa
2882 3851 3043 3909 serie.
3112 3852 3259 3907 Tum
3284 3852 3513 3909 demum

2030 3939 2130 3996 ubi
2158 3939 2218 3994 in
2246 3940 2365 3995 tali*
2374 3944 2525 3997 statu
2550 3940 2743 3996 annuli
2778 3944 2957 4013 enmt,
3002 3940 3209 4013 poterit.
3244 3940 3513 3997 facillime

2031 4044 2155 4083 scra
2202 4028 2419 4101 aperiri.
2498 4028 2639 4084 Vide
2690 4028 2761 4084 de
2810 4028 2895 4084 his
2943 4029 3087 4085 Ser-is
3136 4028 3513 4086 armillaribus

2030 4115 2435 4173 Weckerum
2461 4117 2523 4172 in
2544 4118 2792 4190 Secu-etis,
2814 4118 3247 4175 illustrissimum
3266 4118 3514 4174 Gusta-

2030 4220 2183 4259 vum
2231 4206 2549 4261 Selenum
2599 4207 2661 4261 in
2710 4207 3145 4279 Cryptographia
3202 4208 3301 4263 fol.
3356 4207 3509 4263 489.

2029 4292 2534 4350 Schwentermn
2572 4295 2633 4351 in
2660 4294 2871 4351 deliciis
2898 4297 3041 4352 Sect.
3078 4296 3177 4352 15.
3206 4312 3367 4370 prop.
3402 4296 3511 4351 25.

2029 4383 2353 4440 Desinemus
2392 4384 2537 4439 Usus
2582 4384 2942 4458 problematis
2990 4385 3046 4440 l.
3088 4389 3147 4441 et
3188 4386 3245 4441 2.
3284 4400 3513 4441 enume-

2028 4488 2169 4545 rare,
2198 4489 2325 4529 cum
2350 4473 2627 4529 coronidis
2655 4474 2779 4529 loco
2800 4473 2873 4529 de
2888 4473 3171 4531 coloribus
3190 4473 3511 4531 disserueri-

2030 4576 2169 4615 muS.
2222 4562 2773 4619 Harsdort'ferus
2800 4563 2865 4618 P.
2892 4566 2947 4619 3.
2972 4564 3111 4619 Sect.
3138 4564 3193 4618 3.
3218 4579 3373 4636 prop.
3404 4563 3507 4619 16.
3532 4572 3621 4628 97

2030 4649 2189 4721 ponit
2214 4651 2427 4707 colores
2454 4651 2666 4724 prim0s
2693 4652 2794 4707 hos
2826 4652 2888 4708 5.
2964 4651 3161 4725 Albus,
3192 4653 3385 4727 flavus,
3414 4668 3511 4709 ru·

2030 4738 2183 4810 beuS,
2224 4740 2518 4813 merificus,
2558 4741 2734 4811 niger.
2802 4741 2915 4797 Eos
2954 4741 3264 4814 complicat,
3302 4741 3389 4797 ita
3424 4745 3511 4795 ta-

2030 4842 2157 4881 men
2184 4831 2248 4882 ut
2274 4828 2535 4883 extr-enti:
2562 4830 2723 4885 albus
2750 4834 2809 4885 et
2834 4830 3009 4903 niger,
3037 4846 3319 4902 nunquam
3340 4829 3509 4886 simul

2028 4919 2243 4973 cocant.
2334 4918 2523 4973 Oritur
2568 4916 2735 4989 igitur
2768 4919 2993 4975 ex'AF
3030 4919 3349 4993 subalmuS,
3388 4918 3509 4974 AR.

2028 5020 2283 5078 carneuS,
2325 5006 2433 5063 AC
2468 5006 2748 5078 cinereus3
2786 5008 2897 5065 FR.
2920 5024 3139 5082 aureae,
3168 5008 3269 5063 Fc-
3292 5006 3507 5078 viridis,

2029 5092 2135 5151 FN
2164 5096 2374 5166 fuscus3
2413 5095 2517 5150 Rc
2544 5110 2865 5171 purpureus,
2896 5096 3009 5152 RN
3036 5097 3371 5169 subrubeum
3396 5094 3508 5151 CN

2030 5182 2423 5241 mbcaeruleus.
2488 5184 2629 5247 Sunt
2664 5184 2835 5257 igitur
2866 5186 2923 5242 9.
2964 5189 3102 5259 quot
3136 5201 3339 5260 nempe
3374 5188 3509 5242 sunt
