3717 5850
379 377 494 440 ml
1639 327 2525 430 PRAEFArie‘

563 507 696 578 vn.
737 504 1124 599 Dialogus
1177 504 1271 574 de
1330 507 1829 576 connexione
1880 507 2087 572 inter
2138 526 2267 572 res
2324 513 2401 571 et
2440 501 2679 572 verba
2724 511 2801 570 et
2842 495 3207 572 veritatis
3248 502 3701 580 realitate

387 648 580 718 quem
622 625 898 716 Raspius
939 624 1200 715 primus.
1225 620 1434 706 edidit,
1479 621 1829 690 secundum
1871 622 2071 713 ipsius
2116 618 2403 688 Leibnitii
2444 619 2873 688 testimonium
2918 641 3085 686 anno
3128 613 3700 688 MDCLXXVII

385 741 778 829 conscriptus
821 747 930 807 est.
2152 719 2158 722 ’

565 851 723 924 VIII.
765 853 1124 948 Epistola
1179 853 1271 922 ad
1317 841 1831 945 Conrin'gium
1888 851 1969 920 de
2015 851 2281 920 Cartesii
2334 848 2863 920 demonstratione
2920 849 3285 919 existentiae
3328 849 3457 920 Dei
3516 849 3701 942 pri-

389 991 570 1042 mum
613 993 654 1038 a
691 969 1036 1040 Ritmeiero
1083 969 1265 1054 edita,
1307 991 1474 1037 anno
1505 965 2045 1036 MDCLXXVIII.
2088 967 2443 1058 conscripta
2488 965 2655 1058 apud
2682 965 3069 1034 Dutensium
3110 965 3339 1059 legitur
3380 967 3563 1036 Toni
3608 964 3701 1032 11.

389 1085 462 1156 Ρ.
505 1085 548 1156 1.
593 1107 653 1178 p.
695 1084 848 1155 264.

566 1201 679 1274 IX.
723 1199 1281 1272 Meditationes
1311 1198 1405 1267 de
1448 1199 1917 1290 cognitione
1957 1197 2291 1265 veritate
2322 1206 2395 1264 et
2420 1194 2647 1279 ideis,
2692 1217 2859 1288 quae
2896 1219 3062 1266 anno
3091 1195 3703 1266 MDCLXXXIV.

391 1318 546 1387 actis
589 1317 994 1389 Eruditorum
1037 1315 1460 1408 Lipsiensium
1511 1314 1784 1385 insertae
1837 1314 1905 1381 in
1960 1311 2231 1381 editione
2272 1311 2567 1380 Dutensii
2606 1311 2792 1380 Tom.
2834 1309 2903 1378 11.
2960 1312 3033 1381 P.
3076 1313 3120 1380 1.
3165 1337 3227 1407 p.
3274 1315 3377 1382 14.
3418 1313 3703 1406 legun-

389 1443 508 1504 tur.
596 1432 812 1526 Adjeci
874 1429 1024 1500 huic
1085 1431 1374 1498 tractatui
1437 1428 1654 1500 locum
1719 1449 1802 1496 ex
1858 1425 2121 1520 epistola
2178 1426 2259 1494 ad
2314 1425 2749 1496 Bernoullium
2794 1429 3018 1519 scripta
3062 1439 3464 1520 excerptum,
3522 1449 3703 1520 quo

391 1551 662 1633 axioma,
701 1556 947 1638 partem
987 1546 1301 1614 minorem
1345 1567 1486 1612 esse
1527 1553 1680 1626 toto,
1724 1541 2153 1611 demonstrare
2196 1540 2420 1610 studet.

461 1683 472 1694 ·
563 1661 650 1734 X.
693 1659 1059 1753 Epistola
1111 1659 1204 1728 ad
1259 1658 1985 1743 Seekendort'fium,
2044 1679 2241 1749 quam
2293 1659 2360 1726 in
2416 1653 2862 1726 Seckendorffii
2916 1655 3105 1726 libro:
3198 1653 3701 1727 Chiistenstaat

387 1775 542 1869 Lpz.
591 1773 782 1846 1685.
825 1777 1104 1869 primum
1146 1774 1378 1843 editam
1419 1775 1770 1843 Dutensius
1811 1773 2065 1842 editioni
2102 1773 2363 1841 inseruit
2403 1770 2444 1839 l.
2486 1795 2541 1841 c.
2585 1794 2645 1863 p.
2691 1771 2839 1841 164.

563 1893 938 1983 Sequuntur
991 1889 1444 1978 (xl—XXII.)
1516 1888 1850 1958 duodecim
1916 1893 2263 1982 fragmenta
2332 1884 2722 1956 Leibnitiana
2786 1883 3070 1954 nondum
3136 1885 3401 1956 antehac
3468 1885 3691 1957 edita.

389 2007 578 2092 Quae
605 2006 869 2074 diversis
897 2005 1284 2097 temporibus
1325 2007 1679 2097 conscripta
1724 2026 1867 2072 esse
1910 2003 2071 2072 bene
2116 2005 2264 2073 scio.
2330 2002 2581 2072 Tamen
2624 2012 2713 2087 ut,
2755 2003 2996 2071 ratione
3026 2012 3383 2096 temporum
3413 2027 3687 2096 pospo-

389 2124 542 2206 sita,
583 2122 798 2190 omnia
840 2105 966 2188 hoc
1011 2143 1140 2188 uno
1183 2117 1324 2187 loco
1367 2122 1738 2202 insererem,
1779 2117 1942 2187 haec
1984 2128 2132 2188 sunt
2174 2143 2340 2211 quae
2384 2129 2735 2188 suaserunt.
2804 2118 3034 2186 Omnia
3074 2117 3237 2188 haec
3278 2117 3541 2190 schedia
3586 2119 3683 2187 il-

387 2235 500 2306 lud
538 2235 832 2306 Leibnitii
885 2234 1214 2305 consilium
1269 2243 1582 2326 spectant,
1638 2232 2010 2304 methodum
2063 2231 2562 2325 philosophicam
2618 2233 2699 2303 ad
2742 2232 3057 2302 caleulum
3100 2233 3419 2327 quendam
3460 2231 3689 2302 redu-

388 2351 587 2422 cendi.
675 2351 748 2421 In
789 2351 1082 2423 Dutensii
1134 2348 1434 2433 editione,
1487 2353 1544 2418 si
1595 2348 1931 2419 nonnullas
1974 2351 2297 2442 exceperis
2354 2347 2647 2443 epistolas
2700 2349 2929 2441 quibus
2984 2348 3064 2417 de
3108 2351 3327 2418 amicis
3366 2372 3687 2441 conque-

388 2469 562 2553 ritur,
603 2467 838 2538 scilicet
878 2465 1052 2560 quod
1093 2463 1544 2534 chimaericum
1585 2465 1651 2534 id
1693 2465 2027 2535 consilium
2072 2467 2444 2547 existiment,
2486 2463 2567 2534 de
2610 2462 2731 2533 hac
2772 2489 2845 2534 re
2886 2464 3076 2559 plane
3116 2487 3247 2534 non
3290 2463 3357 2533 fit
3398 2467 3683 2534 mentio.

389 2582 666 2676 Raspius
718 2585 786 2652 in
838 2577 1192 2672 posthumis
1244 2580 1532 2650 Leibnitii
1587 2580 1881 2676 operibus
1940 2581 2099 2650 duas
2139 2579 2397 2675 quidem
2440 2579 2631 2648 edidit
2671 2581 3231 2649 commentationes
3244 2631 3264 2664 ‚
3316 2603 3481 2672 quae
3524 2580 3683 2648 huc

389 2699 701 2792 pertinent
743 2720 782 2765 e
827 2695 1056 2788 quibus
1101 2719 1206 2765 me
1263 2695 1518 2788 quidem
1573 2699 1888 2790 conjicere
1930 2719 2063 2767 non
2106 2697 2419 2790 potuisse,
2475 2695 2681 2788 qualis
2724 2699 2908 2765 fuerit
2946 2695 3051 2764 ille
3092 2695 3371 2764 calculus
3414 2707 3479 2766 et
3522 2721 3680 2788 quo

390 2812 586 2882 modo
631 2809 1046 2903 perficiendus
1091 2809 1376 2880 Leibnitii
1419 2811 1668 2881 arbitrio
1681 2863 1700 2896 ,
1741 2811 2039 2882 lubentur
2081 2809 2397 2882 confiteor.
2482 2809 2555 2879 In
2596 2809 3000 2904 autographis
3040 2809 3441 2880 Leibnitianis
3481 2811 3677 2881 rnul-

393 2939 493 2999 tae
521 2931 916 3020 reperiuntur
957 2925 1248 3011 schedae,
1291 2950 1477 3019 quae,
1519 2927 1781 2998 diversis
1822 2930 2210 3021 temporibus
2246 2928 2663 3020 conscriptae,
2706 2926 2787 2995 de
2829 2926 2949 2995 hac
2991 2929 3127 3020 ipsa
3169 2930 3425 2997 scientia
3452 2952 3675 3021 gene-

392 3042 506 3113 rali
549 3052 828 3111 tractant.
920 3042 1106 3127 Quae
1163 3046 1277 3111 etsi
1329 3066 1596 3113 mancae
1649 3045 1804 3127 sint,
1872 3055 1940 3113 et
1993 3046 2247 3113 exordia
2290 3054 2533 3112 tantum
2578 3042 2936 3126 exhibeant,
3000 3052 3213 3111 tamen
3254 3046 3673 3112 manifestum

390 3158 687 3243 reddunt,
725 3156 1052 3250 quomodo
1094 3160 1232 3250 ipse
1272 3157 1616 3229 Leibnitius
1651 3158 1826 3227 illam
1859 3162 1975 3228 sibi
2014 3159 2274 3228 finxerit.
2338 3158 2517 3228 Aliae
2556 3160 2725 3227 enim
2765 3178 2881 3225 cur
2926 3155 3333 3227 desideranda
3376 3160 3455 3226 sit
3494 3158 3671 3229 haec

393 3276 654 3344 scientia
695 3274 940 3356 docent,
985 3270 1143 3339 aliae
1186 3295 1316 3341 non
1358 3273 1769 3344 metuendum
1813 3298 1955 3344 esse
1996 3284 2257 3344 monent
2298 3298 2379 3343 ne
2420 3275 2599 3364 ipsae
2640 3274 2931 3366 cogitatio
2972 3275 3038 3341 in
3066 3272 3311 3341 nudum
3338 3274 3669 3343 calculum

392 3399 703 3473 vertatur,
758 3388 921 3457 aliae
977 3386 1250 3481 denique
1291 3386 1572 3457 tabulam
1615 3388 1913 3459 exhibent
1952 3392 2230 3483 capitum
2272 3392 2339 3458 in
2382 3388 2489 3457 tali
2532 3414 2725 3482 opere
2768 3389 3251 3459 tractandorum.
3335 3390 3451 3458 His
3492 3390 3667 3459 indi·

393 3505 506 3573 ciis
548 3506 728 3573 nisus
767 3505 856 3603 ita
884 3502 1128 3596 singula
1157 3506 1506 3595 fragmenta
1547 3506 1939 3589 concinnavi,
1980 3516 2054 3574 ut
2092 3507 2303 3573 minus
2346 3507 2647 3597 temporis
2686 3508 2993 3574 rationem
3036 3504 3433 3574 consulerem
3462 3529 3667 3597 quam

391 3642 474 3687 eo
543 3617 761 3687 ordine
813 3616 1245 3711 disponerem,
1303 3642 1496 3712 quem
1560 3621 1702 3712 ipse
1755 3623 1818 3689 in
1875 3623 2249 3689 oeconomia
2308 3620 2516 3713 operis
2570 3630 2899 3713 tamquam
2940 3619 3292 3713 legitimum
3344 3621 3667 3690 indicavit.

392 3732 616 3801 Restat
655 3756 810 3802 vero
853 3745 926 3802 ut
969 3732 1264 3827 probem,
1315 3757 1465 3817 cur,
1520 3738 1764 3805 etiamsi
1805 3738 1871 3803 in
1915 3736 2191 3804 eundem
2234 3735 2453 3805 locum
2496 3738 2866 3828 congregari
2910 3734 3264 3819 debuerint,
3318 3736 3491 3806 hunc
3536 3753 3663 3830 p·-

391 3850 706 3917 tissimum
760 3848 859 3918 his
914 3851 1278 3942 fragmentis
1329 3849 1628 3919 dederim.
1720 3849 1966 3935 Quodsi
2018 3849 2403 3943 respondero
2446 3853 2725 3919 maxima
2770 3874 2851 3917 ex
2892 3862 3068 3943 parte
3112 3852 3279 3917 circa
3320 3850 3447 3919 hoc
3491 3861 3661 3921 tem-

393 3984 518 4055 pus
561 3987 639 4033 ea
679 3968 1034 4055 conscripta
1079 3988 1220 4033 esse
1234 4017 1252 4048 ,
1296 3964 1465 4033 unde
1507 3965 1634 4035 hoc
1677 3970 1877 4035 sciam
1920 3964 2257 4034 dicendum
2301 3966 2435 4033 erit.
2529 3966 2747 4051 Quum
2792 3968 3054 4035 certiora
3098 3965 3388 4035 deessent
3428 3967 3663 4037 indicia

393 4080 506 4147 uni
569 4077 1016 4149 confidendum
1083 4090 1244 4162 erat,
1302 4078 1472 4171 quod
1527 4082 1642 4148 etsi
1693 4080 2122 4148 firmissimum
2184 4103 2315 4149 non
2368 4092 2619 4173 putem,
2674 4089 2888 4147 tamen
2943 4079 3129 4170 plane
3182 4078 3661 4172 despiciendum

395 4216 525 4263 non
568 4213 820 4276 censeo,
865 4191 1006 4260 dico
1048 4190 1366 4263 literarum
1411 4192 1673 4262 ductum
1717 4206 1779 4262 et
1819 4197 2089 4263 formam
2134 4196 2493 4286 scripturae.
2580 4192 2827 4262 Memor
2882 4195 3137 4286 quidem
3180 4218 3359 4264 eram
3402 4208 3656 4267 senten-

394 4309 518 4378 tiae
575 4328 768 4401 quam
821 4304 1272 4377 celeberrimus
1316 4306 1554 4377 Galliae
1602 4310 1760 4401 juris
1813 4310 2139 4379 consultus
2190 4312 2256 4379 in
2312 4308 2629 4377 diffamata
2678 4308 2847 4378 illius
2900 4314 3203 4403 temporis
3260 4334 3455 4379 causa
3501 4313 3657 4397 tulit,

396 4444 510 4490 eos
566 4424 675 4513 qui
729 4420 810 4491 de
865 4420 1294 4514 chirographis
1341 4421 1626 4518 judicent
1677 4426 1842 4494 sicut
1892 4424 2259 4517 haruspices
2313 4449 2454 4493 sese
2508 4426 2779 4492 invicem
2838 4426 3049 4495 videre
3094 4452 3222 4498 non
3268 4448 3459 4517 posse
3502 4431 3656 4519 quin

395 4535 682 4605 riderent,
771 4536 1068 4606 Attamen
1123 4536 1248 4607 hoc
1299 4536 1522 4606 ultimo
1576 4539 1885 4608 utendum
1942 4552 2075 4610 erat
2130 4544 2386 4633 refugio.
2476 4540 2887 4630 Compar-anti
2930 4541 3211 4610 Leibnitii
3266 4544 3655 4635 autographa

399 4661 528 4719 tres
571 4648 856 4719 diversae
899 4676 972 4723 se
1012 4653 1316 4747 praebent
1355 4652 1678 4722 literarum
1721 4656 1979 4723 formae.
2058 4656 2203 4725 Vidi
2246 4654 2637 4749 autographa
2676 4656 2863 4726 literis
2908 4658 3277 4727 minusculis
3304 4662 3654 4752 conscripta

395 4766 598 4857 iisque
655 4766 844 4835 etiam
897 4769 963 4837 in
1016 4767 1280 4839 vocibus
1335 4768 1536 4837 latinis
1588 4767 1844 4854 talibus,
1913 4794 2078 4861 quae
2131 4774 2292 4842 inter
2348 4774 2723 4864 scripturam
2780 4774 3071 4868 gallicam
3126 4784 3189 4842 et
3232 4777 3651 4867 germanicam

396 4880 680 4949 medium
721 4892 960 4967 tenent,
1016 4886 1154 4977 ejus
1205 4887 1338 4954 fere
1378 4886 1651 4969 formae,
1693 4908 1822 4976 qua
1866 4885 2049 4954 multi
2090 4886 2256 4957 docti
2298 4888 2556 4957 Saeculi
2596 4888 2799 4958 XVII.
2842 4901 2910 4959 et
2949 4889 3178 4958 xvul.
3224 4893 3314 4957 uti
3358 4889 3648 4958 solebant.

400 4996 630 5067 Talem
684 4999 1056 5089 scripturam
1097 5024 1156 5067 e.
1201 5024 1293 5091 gr.
1351 4998 1418 5067 in
1474 5000 1869 5093 autographo
1938 5002 2215 5093 quodam
2266 5006 2552 5073 invenies
2566 5055 2585 5088 ,
2644 5004 2815 5095 quod
2866 5008 3205 5074 sententias
3258 5004 3651 5074 accademica

397 5111 814 5204 disputatione
855 5113 1275 5185 defendendas
1315 5116 1619 5200 continet,
1673 5117 1933 5208 quibuS,
1987 5118 2069 5187 ab
2112 5118 2234 5189 alio
2278 5130 2351 5187 ut
2402 5118 2559 5191 mihi
2600 5120 2846 5188 videtur
2889 5122 3221 5211 propositis
3234 5170 3253 5203 ,
3309 5118 3645 5188 Leibnitius

401 5226 807 5318 opponendas
859 5253 1011 5299 suas
1063 5231 1402 5301 sententias
1457 5229 1798 5325 adscripsit.
1887 5233 2259 5324 Perpaucae
2314 5245 2462 5304 sunt
2503 5234 2773 5305 schedae
2815 5236 2881 5303 in
2926 5234 3155 5326 quibus
3194 5233 3320 5306 hoc
3360 5234 3647 5329 pingendi
