3717 5850
364 369 575 432 xxxl
1631 365 2423 426 PRAEFA'rro.

363 504 500 577 lum
542 496 945 570 substantiale
999 495 1434 590 phaenomena
1489 497 1796 567 realizans
1817 534 1847 558 e
1897 496 2183 568 Leibnitii
2193 551 2211 584 ,
2268 523 2396 592 quo
2411 550 2429 582 ‚
2484 538 2586 557 -a
2624 521 2779 569 cum
2831 497 3163 590 hucusque
3216 499 3665 585 contendisset,

365 643 632 713 corpora
691 613 842 685 nihil
906 638 1048 683 esse
1115 616 1233 682 nisi
1299 612 1604 682 monades
1680 613 1913 683 multas
1979 614 2167 683 simul
2240 626 2593 709 perceptas,
2668 626 2733 685 et
2796 616 3210 709 perceptionis
3276 617 3665 685 obscuritate

368 737 436 804 in
481 755 780 802 acervum
825 739 1156 799 extensum
1198 751 1566 813 conversas,
1641 731 1681 799 i.
1727 755 1782 799 e.
1871 765 1899 788 ι-
1920 729 2356 824 phaenomena
2410 731 2572 810 bene
2614 729 2868 798 fundata
2912 731 3078 798 sicut
3112 729 3389 815 iridem,-
3479 731 3663 800 ideo-

373 873 500 943 que
561 871 726 916 -uon
771 846 1148 914 substantias
1203 842 1316 912 sed
1359 842 1768 913 substantiata
1781 881 1838 928 ,·
1892 885 1979 896 —
2038 850 2333 940 organica
2376 857 2545 915 certe
2602 869 2864 940 corpora
2915 849 2983 915 in
3038 870 3223 916 veras
3276 847 3665 915 substantias

366 966 812 1034 transformare
873 971 1138 1030 conatus
1181 969 1280 1028 est
1317 969 1550 1028 noster.
1661 959 1812 1029 Non
1866 964 2089 1054 ignoro
2143 961 2395 1053 quidem
2449 964 2822 1030 sententiam
2884 985 3105 1030 eorum
3117 1013 3137 1046 ,
3188 965 3318 1030 imo
3361 965 3665 1044 assentio,

372 1083 484 1173 qui
527 1079 758 1148 docent
797 1075 922 1146 hoc
970 1075 1330 1145 ·vinculum
1359 1075 1820 1159 substantiale„
1867 1077 2138 1166 ideoque
2179 1079 2369 1144 etiam
2410 1076 2713 1145 idealismi
2756 1077 3203 1161 desertionem,
3256 1080 3535 1145 maxima
3572 1101 3663 1146 ex

369 1205 548 1287 parte
593 1202 902 1262 extortam
947 1216 1087 1260 esse
1126 1191 1432 1259 Leibnitio
1477 1193 1864 1283 argumentis
1908 1190 2307 1284 theologiciS,
2360 1214 2509 1258 cum
2552 1201 2863 1260 metueret
2915 1217 2997 1262 ne
3042 1217 3269 1287 corpus
3315 1193 3549 1261 Christi
3588 1195 3667 1262 in

369 1308 763 1377 Eucharistia
817 1331 1067 1376 merum
1121 1304 1604 1400 phaenomenon
1656 1306 2049 1390 redderetur3
2092 1306 2203 1375 sed
2246 1317 2479 1389 tamen,
2526 1331 2691 1399 quae
2730 1306 2833 1376 hic
2862 1309 3256 1393 inseruimus,
3298 1307 3665 1391 ostendunt,

373 1433 623 1518 praeter
662 1423 834 1491 illam
877 1423 1031 1490 alias
1073 1423 1262 1490 etiam
1317 1423 1376 1488 ei
1419 1423 1779 1514 apparuisse
1821 1424 1887 1490 in
1932 1432 2237 1512 sytemate
2280 1446 2397 1490 suo
2442 1420 2853 1490 difficultates.

549 1537 827 1608 LXVIII.
892 1537 1000 1607 Ad
1065 1536 1810 1605 reverendissimum
1877 1537 2193 1607 Patrem
2257 1537 2415 1607 Des
2478 1539 2773 1607 Bosses
2839 1537 3231 1631 epistolae
3296 1549 3660 1630 quatuor.

372 1652 470 1720 Cf.
518 1676 680 1744 quae
725 1651 807 1719 ad
851 1663 964 1721 art.
1007 1651 1179 1720 LXII
1231 1654 1608 1720 notavimus.

549 1765 780 1835 LXIX.
825 1769 1188 1860 Re'ponse
1230 1791 1378 1834 aux
1409 1765 1873 1859 objections,
1918 1791 2067 1859 que
2110 1767 2442 1835 l’auteur
2472 1767 2565 1835 du
2595 1768 2793 1838 livre
2836 1769 2925 1838 de
2967 1769 3039 1836 la
3084 1769 3661 1838 connaissance

369 1881 464 1950 de
525 1881 963 1950 soi-meme
1022 1906 1060 1950 a
1103 1884 1334 1949 faites
1391 1891 1664 1950 contre
1718 1881 1789 1950 le
1847 1886 2193 1974 systeme
2248 1882 2338 1952 de
2394 1883 2841 1952 l'harmonie
2898 1881 3343 1978 preetablie.
3436 1885 3659 1968 Quam

367 1999 842 2090 responsionem
871 1997 1046 2065 Patri
1074 1996 1297 2064 Lamio
1329 1995 1540 2064 datam
1570 1996 1951 2066 Ludovicius
1996 2010 2062 2068 et
2102 2010 2245 2093 post
2286 2023 2434 2068 eum
2462 1999 2813 2067 Dutensius
2853 2003 3129 2094 primum
3156 1998 3479 2090 vulgatam
3506 2023 3659 2068 esse

367 2111 756 2181 contendunt
795 2114 862 2180 in
902 2111 1136 2180 Diariis
1177 2111 1511 2181 doctorum
1556 2112 1881 2183 Gallorum
1924 2117 2164 2202 (Journ.
2208 2115 2319 2184 des
2361 2115 2629 2201 Savans)
2672 2118 2907 2184 mensis
2948 2113 3093 2206 Maj.
3122 2113 3495 2197 MDCCIX3
3538 2114 3658 2183 sed

369 2228 724 2295 accuratius
765 2225 946 2294 locus
987 2225 1296 2296 indicatur
1347 2231 1414 2297 in
1467 2227 1674 2297 indice
1729 2252 1993 2322 operum
2036 2227 2567 2300 Leibnitianorum
2581 2283 2600 2315 ,
2654 2255 2849 2322 quem
2904 2255 3032 2300 una
3088 2254 3239 2300 cum
3290 2232 3421 2299 vita
3459 2229 3657 2300 Leib-

365 2345 501 2411 nitii
566 2365 606 2409 a
661 2342 1008 2412 Jaucourto
1075 2345 1301 2436 scripta
1356 2343 1794 2414 Theodicaeae
1864 2345 2064 2414 editor
2117 2345 2743 2429 AmstelodamensiS‚
2814 2347 3131 2415 secundae
3190 2347 3381 2440 hujus
3442 2347 3659 2440 operis

367 2458 622 2527 editioni
669 2457 908 2550 adjecit.
995 2456 1254 2550 Legitur
1295 2461 1464 2528 enim
1504 2461 1570 2528 in
1613 2461 1973 2529 diariorum·
1995 2460 2457 2554 Supplementis
2500 2464 2646 2530 anni
2684 2461 3031 2534 MDCCIX
3076 2487 3278 2533 mens.
3320 2463 3471 2532 Jun.

543 2572 752 2642 LXX.
810 2573 915 2642 Ad
959 2573 1710 2644 reverendissimum
1751 2576 2073 2645 Patrem
2114 2576 2280 2646 Des
2323 2577 2615 2646 Bosses
2672 2577 3057 2672 epistolae
3103 2577 3320 2649 duae.
3407 2579 3489 2648 V.
3530 2602 3659 2650 an·

361 2701 575 2758 notata
631 2689 708 2756 ad
753 2701 863 2756 art„
905 2689 1092 2757 LXII.

541 2803 771 2873 LXXI.
829 2804 1410 2874 commentatio
1457 2805 1545 2874 de
1589 2807 1839 2874 anima
1884 2805 2324 2891 brutorum,
2380 2831 2419 2875 a
2462 2807 2792 2878 Kortholto
2835 2810 2901 2877 in
2945 2807 3312 2878 collectione
3352 2807 3660 2901 epistola-

368 2944 514 2989 rum
557 2923 832 3015 primum
878 2920 1070 3005 edita,
1117 2932 1178 2992 et
1223 2945 1388 2991 anno
1433 2919 1780 3008 MDCCX,
1823 2926 2040 2991 nescio
2088 2946 2281 3013 quam
2326 2933 2527 3007 recte,
2569 2922 2905 3019 adscripta,
2948 2925 3095 2993 inde
3133 2948 3172 2992 a
3216 2922 3525 2994 Dutensio
3576 2951 3657 2994 e-

367 3036 582 3105 ditioni
623 3039 874 3107 inserta.

542 3150 798 3219 LXXII.
853 3151 1209 3244 Epistola
1255 3152 1347 3219 ad
1391 3153 1844 3245 Vagnerum
1890 3152 1981 3221 de
2023 3154 2100 3220 vi
2144 3156 2397 3221 activa
2444 3158 2827 3248 eorporis,
2882 3154 2975 3223 de
3015 3157 3297 3239 anima,
3338 3153 3427 3223 de
3472 3158 3655 3225 ani-

363 3288 485 3333 ma
527 3265 962 3349 brutorum,
1017 3289 1182 3334 anno
1226 3265 1540 3334 MDCCX
1590 3270 1938 3359 conscripta
1976 3268 2191 3337 itidem
2235 3291 2316 3338 ex
2359 3268 2671 3338 Kortholti
2726 3268 3127 3363 epistolarum
3170 3270 3535 3342 collectione
3582 3276 3656 3344 in

359 3380 659 3448 Dutensii
711 3380 1045 3449 editionem
1088 3393 1356 3475 recepta.

538 3493 820 3562 LXXIII.
867 3496 1134 3563 Essais
1179 3497 1268 3566 de
1297 3496 1748 3567 Theodicee
1791 3520 1929 3565 sur
1966 3497 2039 3564 la
2076 3498 2315 3569 bonte
2358 3498 2446 3567 de
2473 3498 2706 3585 Dieu‚
2748 3500 2823 3569 la
2851 3500 3136 3571 liberte
3166 3502 3256 3571 de
3281 3499 3657 3574 l'homme

359 3620 440 3679 et
479 3610 839 3703 l'origine
897 3610 993 3678 du
1048 3612 1217 3680 mal.
1308 3612 1684 3681 Tentamina
1737 3613 2141 3682 theodicaeae
2203 3637 2369 3683 anno
2412 3615 2727 3686 MDCCX
2771 3620 3043 3711 primum
3086 3617 3249 3685 edita
3293 3628 3473 3701 sunt,
3528 3624 3659 3688 etsi

357 3724 559 3794 multo
603 3736 751 3795 ante
795 3738 1118 3821 concepta,
1157 3730 1307 3812 imo,
1353 3738 1424 3795 ut
1468 3751 1549 3797 ex
1578 3729 1840 3823 epistola
1866 3728 2141 3822 quadam
2169 3730 2552 3799 Leibnitiana
2576 3730 2798 3815 elucet,
2828 3755 2994 3800 anno
3028 3729 3401 3803 MDCCVII
3438 3756 3658 3825 paene

357 3844 643 3910 confecta
690 3852 883 3910 erant.
959 3843 1252 3928 Quorum
1297 3843 1635 3913 editionem
1677 3845 2023 3915 secundam
2066 3844 2717 3915 Amstelodamensem
2762 3849 2961 3933 (1747
3006 3852 3243 3935 12mo.)
3284 3850 3485 3917 secuti
3530 3874 3653 3919 su-

357 3979 501 4055 mus
545 3960 628 4041 in·
653 3957 1173 4026 transscribendo.
1262 3959 1614 4028 Dutensius
1671 3984 1827 4029 suae
1884 3962 2135 4031 editioni
2190 3964 2545 4030 versionem
2595 3960 2853 4029 latinam
2911 3986 2949 4029 a
2990 3964 3181 4031 Patre
3223 3963 3363 4031 Des
3402 3964 3655 4035 Bosses

353 4072 584 4137 factam
611 4073 872 4138 inseruit
903 4096 1174 4163 eamque
1215 4076 1378 4142 inter
1407 4098 1596 4168 opera
1627 4075 1980 4167 theologica
2024 4076 2289 4145 exhibet.
2356 4078 2437 4145 At
2478 4087 2727 4168 praeter
2763 4076 2937 4144 illam
2984 4100 3175 4168 quam
3212 4082 3345 4169 jam
3388 4083 3657 4171 saepius

357 4186 722 4251 monuimus
749 4187 1073 4276 separandi
1095 4188 1520 4280 philosophica
1545 4213 1582 4256 a
1604 4213 1731 4257 non
1753 4189 2195 4283 philosophicis
2223 4192 2658 4276 difficultatem,
2688 4189 2886 4257 multa
2906 4202 3085 4259 erant
3108 4216 3270 4283 quae
3294 4192 3466 4261 libris
3498 4194 3655 4287 phi·

355 4296 688 4390 Iosophicis
716 4302 1113 4391 potissimum
1143 4301 1310 4371 hunc
1339 4304 1880 4373 adnumerandum
1909 4330 2051 4375 esse
2078 4307 2429 4377 suaderent.
2520 4308 2767 4400 Quippe
2792 4309 2859 4374 in
2888 4305 3057 4373 nullo
3086 4309 3215 4395 fere
3242 4312 3473 4402 scripto
3506 4320 3657 4381 tam

357 4422 614 4481 strenue
655 4412 809 4481 illud
852 4414 1024 4505 quod
1067 4440 1316 4509 semper
1368 4418 1610 4487 laudat·
1634 4423 2005 4513 principium
2063 4423 2335 4491 melioris
2395 4448 2442 4490 s.
2498 4426 2752 4493 rationis
2812 4422 3171 4493 sufficientis
3228 4423 3519 4507 ventilat,
3582 4430 3655 4498 in

359 4550 486 4617 quo
516 4530 813 4622 principio
844 4531 1134 4599 Leibnitii
1160 4532 1614 4625 philosophiam
1643 4541 1921 4605 maxima
1964 4562 2043 4607 ex
2072 4550 2247 4630 parte
2290 4540 2397 4607 niti
2428 4541 2744 4607 neminem
2784 4539 2967 4622 latet3
3006 4541 3219 4633 itaque
3246 4564 3375 4610 non
3404 4543 3657 4613 mirum

357 4644 528 4732 quod
569 4648 632 4712 in
679 4650 1100 4715 controversia
1143 4670 1292 4714 cum
1323 4648 1574 4718 Clarkio
1621 4655 1852 4743 agitata
1896 4654 2084 4721 etiam
2128 4664 2318 4745 atque
2362 4660 2551 4723 etiam
2595 4655 3024 4725 theodicaeam
3066 4656 3283 4725 laudat
3308 4666 3655 4748 tamquam

355 4757 507 4825 illud
551 4783 713 4852 opus
757 4748 885 4852 quo
924 4762 1008 4831 de
1050 4760 1176 4831 hoc
1217 4765 1513 4856 principio
1561 4772 1842 4857 quaestio
1890 4769 2173 4838 absoluta
2218 4772 2312 4837 sit.
2370 4771 2625 4841 Accedit
2668 4771 2838 4863 quod
2878 4772 3027 4841 huic
3064 4776 3181 4866 ipsi
3226 4773 3397 4866 operi
3440 4772 3655 4843 debe-

357 4896 501 4941 mus
546 4873 812 4943 alterum
857 4875 1083 4946 librum
1130 4881 1238 4971 qui
1279 4882 1642 4949 universum
1685 4882 1969 4952 Leibnitii
2012 4896 2289 4975 systema
2334 4888 2801 4955 accuratissime
2842 4884 3126 4955 delineat.
3189 4886 3441 4956 Etenim
3486 4912 3657 4959 cum

357 4988 660 5082 Princeps
701 4989 1027 5084 Eugenius
1083 4993 1527 5088 explicationes
1582 4998 1890 5089 quasdam
1946 5002 2315 5091 quaesiisset
2369 5002 2800 5091 theodicaeam
2852 5012 3235 5095 spectantes,
3287 5002 3659 5075 Leibnitius

358 5102 894 5200 Monadologiam,
945 5132 1061 5178 seu
1111 5112 1430 5181 ·Theses-
1493 5116 1887 5206 conscripsit,
1942 5116 2145 5207 iisque
2186 5115 2617 5187 adnotationes
2660 5116 2964 5211 adspersit
3015 5118 3241 5209 quibus
3282 5100 3406 5185 loci
3448 5118 3655 5188 theo-

357 5216 608 5289 dicaeae
663 5222 1026 5317 allegantur.
1139 5227 1360 5312 Quum
1425 5230 1636 5323 itaque
1691 5232 2095 5324 gravissimus
2148 5232 2435 5302 Leibnitii
2486 5230 2727 5302 libellus
2778 5230 3239 5326 philosophicus
3300 5242 3653 5325 tamquam
