3717 5850
70 311 73 406 y
1187 314 1283 371 111.
1343 313 1732 371 ooNFFssm
1775 313 2153 371 NATURAE.
2228 321 2231 324 ⁴
3222 301 3311 373 47

70 429 72 492 ἒ
133 462 358 538 amietos
389 453 634 512 efficiant.
701 453 806 511 Sed
843 453 903 510 in
943 453 1062 510 istis
1099 455 1310 511 numnis
1347 471 1633 530 eorpuseu-
1735 411 1889 511 anta
1926 461 2026 512 est.
2104 450 2263 533 (2⁰.)
2314 455 2587 527 Cogitatio
2625 464 2709 514 est
2744 475 2834 514 ωε
2882 457 3159 515 sensibilis
3196 458 3315 516 sine

70 565 72 572 ·
132 557 176 610 lis
203 550 326 606 nulla
359 549 576 620 aplius-ct
609 544 758 600 ratio
797 544 1174 600 cohaemntiae
1223 549 1280 600 et
1327 545 1631 602 insecabili-

130 642 236 698 tatis·

190 725 448 784 Rerklidcre
486 720 726 794 aliquam
765 725 990 794 vetere&
1034 722 1236 779 sedita
1265 723 1526 796 ineptam,
1569 727 1632 778 ut

128 820 212 888 ejus
233 812 524 872 mention-es
551 811 769 884 pudeat.
845 811 1060 865 Scilicet
1098 817 1280 884 partes
1319 817 1630 867 atomorum

129 910 218 963 ideo
239 905 506 973 colmerere,
537 901 671 972 quia
699 899 912 956 nullum
938 899 1240 955 intercedat
1269 917 1528 971 vacuum3
1559 917 1634 956 ex

128 1014 205 1070 qm
225 991 448 1065 sequitur,
489 988 680 1046 omnia
716 1005 944 1061 corpora
985 1003 1126 1060 quac
1163 1007 1224 1045 se
1261 990 1430 1046 semel
1459 989 1632 1045 conti-

129 1087 282 1156 gerunt,
309 1077 730 1151 inseparabiliter
757 1077 828 1134 ad
857 1081 1170 1133 atomorum
1199 1079 1512 1152 exemplum
1540 1094 1632 1132 co-

127 1177 288 1229 lam-re
310 1169 511 1241 debere,
543 1167 678 1239 quia
713 1167 776 1223 in
812 1167 965 1222 omni
991 1171 1246 1222 contactu
1285 1168 1529 1240 corporis
1559 1165 1628 1221 ad

126 1277 267 1333 corpis
297 1257 492 1313 nullum
535 1255 822 1312 intercedit
861 1272 1107 1312 vacnum.
1195 1257 1320 1321 Qua
1370 1259 1630 1330 perpetua

126 1346 394 1406 eolat-nentia
419 1344 558 1400 nihi}
601 1349 686 1400 est
712 1345 1015 1416 absurdius,
1055 1343 1192 1400 nihil
1230 1346 1304 1400 ab
1345 1345 1630 1418 experien-

128 1441 180 1494 tia
201 1437 340 1508 magis
373 1433 629 1490 alienum.
711 1434 877 1489 Recte
916 1434 1083 1506 igitur
1119 1433 1182 1488 in
1209 1433 1486 1490 reddenda
1513 1437 1631 1488 ato·

127 1543 282 1584 monim
305 1524 504 1580 ratione
529 1522 908 1596 confugiemus
937 1523 1010 1578 ad
1037 1523 1217 1578 Deum
1247 1524 1504 1594 denique,
1533 1521 1630 1594 qui

125 1616 276 1672 ultimis
299 1613 406 1668 istis
429 1627 618 1667 rerum
639 1611 1006 1668 fundamentis
1033 1610 1344 1667 firmitatem
1375 1615 1627 1684 praestet.

127 1707 174 1761 Et
202 1703 340 1758 miror
375 1717 550 1772 neque
594 1701 690 1756 Ga
702 1701 1018 1756 ssendum
1059 1715 1235 1772 neque
1274 1701 1447 1757 alium
1487 1701 1631 1756 inter

125 1793 390 1849 acutissimos
436 1789 605 1859 huius
646 1789 809 1846 seculi
863 1789 1241 1862 philosophae,
1297 1789 1631 1863 praec-laram

125 1884 222 1939 lane
237 1880 669 1936 demonstrandae
689 1878 922 1934 Divinae
945 1878 1268 1934 existentiae
1289 1879 1631 1934 occasionem

123 1969 506 2027 miiniadvertisse.
584 1969 830 2042 Apparet
867 1967 1016 2022 enim
1057 1967 1115 2021 in
1153 1971 1405 2023 extrema
1440 1983 1634 2038 corpo·

123 2077 208 2115 mm
237 2059 544 2114 resolutione
586 2057 690 2112 Dei
740 2056 950 2112 auxilio
1001 2071 1184 2113 carere
1222 2061 1479 2113 naturam
1518 2071 1634 2112 non

119 2165 244 2221 μῶυ.

178 2237 286 2292 Cum
309 2239 482 2291 autem
521 2233 1082 2290 demonstraverimus
1109 2249 1340 2308 corpora
1377 2232 1633 2288 determi-

121 2333 256 2381 natam
289 2326 498 2396 figuram
541 2328 602 2378 et
642 2323 1020 2396 quantitatem,
1061 2329 1276 2379 motum
1313 2338 1445 2378 vero
1475 2323 1634 2378 illum

119 2417 264 2470 halim
287 2431 387 2468 non
411 2431 597 2486 posse,
639 2413 746 2468 nisi
785 2412 1069 2486 supposito
1097 2413 1242 2468 Ente
1281 2411 1629 2485 incorporali,

118 2505 232 2560 heile
270 2507 477 2576 apparet
529 2501 672 2558 illud
703 2503 815 2557 Ens
855 2502 1194 2573 incorporale
1231 2517 1334 2572 pro
1373 2501 1632 2556 omnibus

120 2610 200 2647 esse
221 2593 426 2664 unicum,
454 2593 528 2648 ob
560 2591 909 2646 harmoniam
927 2590 1180 2646 emnium
1199 2591 1345 2646 inter
1371 2607 1448 2662 se,
1478 2605 1632 2662 prae-

119 2683 256 2736 sertim
277 2697 388 2736 cum
413 2697 648 2754 corpora
677 2683 890 2736 motum
917 2679 1173 2753 habeant,
1211 2695 1326 2735 non
1354 2678 1566 2750 singula
1589 2693 1632 2739 ¹a

120 2787 189 2824 suo
208 2775 312 2825 ente
333 2770 678 2844 incorporali,
709 2770 806 2826 sed
833 2785 868 2825 a
896 2786 955 2824 se
994 2768 1243 2824 invicem.
1309 2769 1420 2824 Cur
1446 2771 1631 2823 autem

121 2859 200 2913 Ens
229 2859 342 2914 illud
371 2860 714 2932 incorporale
749 2859 890 2914 hanc
926 2858 1109 2932 potius
1137 2873 1303 2931 quam
1330 2857 1486 2912 illam
1515 2871 1631 2911 ma·

122 2948 404 3023 munditiem,
457 2950 720 3021 figuram,
773 2952 986 3004 motum
1037 2948 1230 3019 eligat3
1279 2947 1424 3002 ratio
1473 2944 1630 3004 reddi

121 3054 200 3092 non
229 3042 412 3111 potest,
451 3037 560 3093 nisi
601 3037 676 3092 sit
713 3036 1040 3109 intelligens,
1081 3041 1136 3092 et
1176 3036 1271 3113 ob„
1288 3052 1472 3092 rerum
1509 3034 1631 3108 pul-

119 3128 432 3199 dnimdinem,
473 3126 725 3200 sapiens,
779 3127 854 3182 ob
901 3142 1090 3181 earum
1139 3124 1510 3181 obedientiam
1559 3125 1630 3179 ad

121 3220 276 3289 nutum,
312 3222 516 3289 potens,
599 3214 736 3270 Tale
789 3214 956 3288 igitur
983 3215 1098 3269 Ens
1135 3214 1478 3287 incorporale
1525 3213 1632 3269 erit

120 3304 233 3359 llcns
257 3306 404 3361 totius
429 3304 634 3360 mundi
661 3304 905 3377 RectriX‚
941 3303 996 3358 id
1025 3308 1108 3360 oet
1135 3304 1301 3361 Deus,

699 3470 884 3529 PARS
926 3469 990 3527 Π.

119 3571 372 3642 MEN'HS
455 3574 892 3642 HUMANAE
981 3572 1632 3641 lMMORTALlTAS

146 3678 536 3748 CON'l'lNUO
564 3678 877 3748 SORITE
911 3678 1588 3747 DEMONSTRATA.

181 3833 306 3888 Mem
335 3836 572 3892 hmnana
603 3839 688 3892 aet
714 3852 812 3891 ens
851 3834 1006 3905 cujtis
1047 3834 1234 3906 aliqua
1261 3833 1406 3889 actio
1434 3838 1518 3889 est
1545 3850 1636 3889 co-

115 3920 274 3989 gitatio.

175 4010 264 4065 Em
286 4013 430 4083 cnjus
459 4013 654 4085 aliqua
684 4012 828 4067 actio
858 4015 942 4067 est
969 4010 1248 4083 cogitatiO,
1291 4009 1408 4079 eius
1449 4010 1633 4082 aliqua

115 4098 216 4151 aetio
237 4106 309 4155 est
331 4120 413 4157 res
441 4101 768 4157 immediate
787 4099 1064 4155 sensibilis
1091 4098 1212 4155 sine
1238 4099 1632 4171 imaginatione

115 4188 308 4255 partium.

171 4277 404 4349 Cogitatio
430 4280 590 4334 enim
617 4284 702 4335 oet
739 4296 826 4334 res
855 4270 1018 4355 (1⁰.)
1049 4276 1366 4332 immediate
1403 4276 1632 4331 sensibi-

115 4361 170 4433 lia
192 4382 322 4422 meris
345 4368 550 4443 quippe
579 4384 638 4425 se
667 4368 1000 4440 cogitantem
1027 4366 1266 4423 sentiens
1303 4366 1409 4421 sibi
1440 4364 1630 4421 imme-

1735 543 2128 614 imaginatione
2148 543 2407 617 partium.
2497 547 2615 602 Hoc
2644 549 2947 621 experienti
2976 548 3185 604 clarum
3212 552 3312 604 est.

1733 631 2007 705 Cogitatio
2035 633 2182 689 enim
2210 638 2295 689 oet
2320 634 2424 689 hoc
2454 633 2635 706 ipsum
2665 637 2897 693 nescio
2926 638 3133 712 quod,
3164 637 3313 709 quod

1732 722 2015 794 sentimus,
2047 723 2267 794 quando
2296 723 2559 778 sentimus
2598 741 2700 780 nos
2726 727 2979 798 cogitare.
3078 726 3315 792 Quando

1731 815 1917 867 autem
1956 811 2108 866 verbi
2148 811 2325 883 gratia
2363 812 2630 868 sentimus
2669 829 2772 868 nos
2810 815 3075 886 cogitasse
3112 816 3181 871 de
3218 815 3313 871 Ti-

1733 900 1833 971 tio,
1866 917 1981 956 non
2018 900 2199 956 solum
2228 901 2493 956 sentimus
2520 919 2622 958 nos
2650 903 2788 959 Titii
2826 903 3137 976 imaginem,
3170 919 3313 976 quae

1731 1005 1865 1044 sane
1887 991 2069 1061 partes
2092 989 2273 1061 habet,
2304 990 2555 1046 habuisse
2582 992 2641 1048 iu
2669 989 2877 1066 aulum,
2908 992 3041 1063 quia
3066 993 3169 1048 hoc
3196 1009 3311 1049 non

1731 1077 1935 1132 sufficit
1961 1076 2033 1132 ad
2061 1079 2469 1151 cogitationem.

1821 1167 2103 1222 Habemus
2131 1168 2279 1223 enim
2308 1169 2575 1241 imagines
2604 1169 2663 1222 in
2682 1168 2873 1224 animo
2902 1169 3070 1224 etiam
3090 1169 3312 1241 quando

1733 1254 1800 1310 de
1831 1255 1900 1310 iis
1930 1272 2043 1310 non
2072 1257 2403 1329 cogitamus3
2445 1257 2541 1312 sed
2578 1258 2843 1313 sentimus
2872 1262 3170 1330 praeterea,
3210 1273 3315 1312 nos

1729 1343 1889 1399 illam
1928 1343 2065 1399 Titii
2106 1345 2401 1419 imaginem
2442 1346 2751 1420 advertisse,
2795 1347 2853 1402 in
2892 1363 3002 1418 qua
3030 1347 3315 1402 adverten-

1729 1433 1840 1488 tiae
1888 1431 2061 1505 ipsius
2114 1434 2513 1508 imaginatione
2560 1434 2741 1492 nullas
2788 1440 2971 1508 partes
3020 1436 3316 1507 deprehen·

1731 1521 1933 1577 dimus.

1817 1607 1986 1676 Cuius
2014 1610 2202 1682 aliqua
2236 1610 2382 1666 actio
2426 1616 2513 1667 est
2552 1627 2641 1667 res
2682 1611 3001 1668 immediate
3039 1612 3315 1669 sensibilis

1730 1699 1850 1753 sine
1872 1697 2264 1769 imaginatione
2292 1700 2551 1775 partium,
2583 1699 2701 1781 ejus
2730 1702 2915 1773 aliqua
2942 1701 3089 1758 aetio
3116 1706 3201 1758 oet
3226 1717 3315 1758 res

1679 1789 1684 1811 '
1731 1787 1850 1843 sine
1874 1786 2136 1859 partibus·

1819 1875 1965 1930 Nam
2013 1875 2175 1948 quale
2225 1875 2359 1947 quid
2406 1875 2723 1932 immediate
2759 1877 3021 1952 sentitur,
3064 1880 3175 1936 tale
3214 1884 3314 1935 est.

1732 1963 1953 2022 Error-is
1980 1965 2128 2020 enim
2166 1979 2331 2020 causa
2372 1969 2455 2020 est
2482 1965 2742 2038 medium,
2782 1966 2913 2038 quia
2950 1967 2999 2020 si
3038 1965 3317 2036 objectum

1733 2067 1925 2109 sensus
1952 2057 2095 2109 esset
2120 2069 2284 2109 causa
2312 2053 2532 2128 enoris,
2576 2069 2789 2127 semper
2828 2055 2967 2110 falso
2996 2057 3317 2128 sentire-tun

1733 2143 1820 2198 sin
1849 2139 2175 2216 subjectum,
2205 2157 2419 2217 semper
2446 2143 2585 2200 falso
2622 2143 2864 2200 sentiret.

1821 2229 1990 2300 Giu'us
2018 2232 2203 2305 aliqua
2230 2232 2377 2287 actio
2404 2236 2490 2287 est
2514 2249 2601 2288 res
2628 2233 2749 2288 sine
2774 2232 3039 2306 partibus,
3072 2231 3191 2302 ejus
3218 2233 3319 2289 ali-

1734 2335 1845 2394 qua
1874 2320 2019 2376 actio
2046 2337 2163 2377 non
2188 2325 2275 2378 est
2304 2326 2505 2378 motus·

1821 2410 2015 2464 Omnis
2035 2411 2185 2466 enim
2204 2413 2387 2466 motus
2414 2409 2581 2466 habet
2606 2413 2789 2483 partes
2817 2425 2917 2484 per
2944 2410 3317 2468 demonstrata

1731 2497 2157 2556 Aristotelis
2184 2504 2243 2556 et
2270 2499 2521 2554 omnium
2558 2500 2971 2556 consessionem.

1819 2587 1988 2656 cnjus
2015 2589 2199 2662 aliqua
2236 2589 2383 2645 aetio
2411 2604 2527 2644 non
2554 2593 2638 2645 est
2680 2593 2880 2663 motuS,
2911 2589 3050 2646 illud
3086 2603 3204 2646 non
3232 2593 3318 2644 est

1729 2693 1942 2748 corpus.
2686 2727 2691 2732 .

1819 2766 2015 2820 Omnis
2053 2765 2204 2822 enim
2242 2766 2487 2839 corporis
2527 2764 2671 2822 aetio
2712 2771 2797 2820 est
2834 2769 3032 2822 motus·

1730 2855 1879 2909 enim
1908 2855 1989 2909 rei
2018 2855 2161 2910 actio
2190 2861 2275 2910 est
2304 2855 2571 2911 essentiae
2598 2854 2849 2911 variatio.

1817 2944 2075 3017 Corporis
2102 2944 2338 3000 essentia
2378 2950 2485 3001 aet:
2528 2962 2645 3000 osse
2672 2944 2733 2999 in
2760 2944 2959 3018 spatie,
2990 2943 3315 3000 existentiae

1729 3033 1791 3088 in
1819 3033 1999 3106 spatio
2025 3034 2259 3089 variatio
2288 3038 2371 3089 est
2399 3036 2597 3090 motus.

1819 3122 2015 3178 Omnis
2042 3122 2207 3195 igitur
2234 3123 2477 3195 corporis
2506 3122 2649 3179 aetio
2678 3126 2761 3177 est
2790 3126 2988 3178 motus.

1820 3210 2091 3283 Quicquid
2120 3226 2237 3266 non
2264 3216 2349 3267 est
2374 3228 2587 3285 corpus,
2618 3228 2731 3266 non
2764 3216 2849 3266 est
2876 3212 2936 3265 in
2966 3210 3161 3283 spatio.

1910 3300 2165 3372 Corporis
2204 3300 2353 3355 enim
2381 3301 2628 3357 definitio
2658 3304 2741 3355 est
2768 3316 2885 3356 esse
2913 3299 2973 3355 in
3001 3300 3197 3373 spatio.

1821 3389 2090 3461 Quicquid
2119 3405 2235 3444 non
2264 3394 2347 3445 cst
2374 3390 2435 3445 in
2462 3389 2659 3461 spatie,
2688 3405 2805 3444 non
2835 3393 2916 3444 est
2946 3388 3172 3444 mobile.

1911 3480 2099 3533 Motus
2128 3478 2277 3533 enim
2306 3482 2389 3534 est
2418 3479 2651 3535 mutatio
2679 3478 2860 3551 spatii.

1820 3567 2087 3639 Quicquid
2118 3584 2231 3623 non
2260 3572 2343 3623 est
2370 3568 2576 3623 mobile
2604 3570 2689 3623 est
2710 3565 3113 3623 indissolubile.

1911 3654 2217 3711 Dissolutio
2244 3657 2398 3711 enim
2426 3660 2509 3711 cst
2536 3660 2719 3711 motus
2756 3656 3055 3711 sectmdum
3084 3657 3313 3733 partem.

1824 3745 2002 3801 Omne
2030 3744 2407 3801 indissolubile
2434 3750 2517 3801 est
2546 3743 2973 3816 incomiptibile.

1912 3833 2201 3906 Col-ruptio
2230 3833 2377 3887 enim
2408 3837 2491 3888 est
2519 3833 2806 3888 dissolutio
2834 3831 3050 3888 intima.

1823 3922 2002 3978 Omne
2030 3922 2443 3995 incorruptibile
2468 3926 2551 3977 est
2582 3922 2907 3977 immortale.

1910 4012 2063 4066 Mors
2090 4010 2239 4065 enim
2269 4014 2354 4067 est
2378 4010 2655 4083 corruptio
2676 4010 2930 4081 viventis,
2962 4025 3057 4064 seu
3088 4008 3317 4065 dissolu·

1735 4098 1814 4154 tio
1844 4098 1963 4169 ejus
2002 4100 2285 4157 machinae
2322 4118 2421 4173 per
2446 4114 2613 4171 quam
2658 4099 2792 4171 quid
2832 4102 3061 4172 apparet
3102 4116 3161 4155 se
3200 4114 3317 4153 mo-

1732 4204 1881 4245 vere.
2634 4187 2808 4261 Igitur

2272 4277 2432 4333 Mens
2458 4276 2699 4333 humana
2720 4280 2806 4333 est
2836 4275 3181 4332 ilmnortalis.

2388 4366 2547 4432 Quod
2576 4370 2697 4423 erat
2726 4364 3226 4423 demonstrandum.

3122 2765 3318 2822 Omnis

1687 4636 2101 4647 w
