3717 5850
1281 358 1344 421 L.
1425 360 1538 419 DE
1575 360 1740 422 lPSA
1781 360 2113 421 NATURA.

89 524 201 584 pore
226 504 306 578 Β,
337 504 664 577 quiessente
686 502 828 561 nihil
857 497 1100 576 difien-ets
1137 507 1556 607 sequereturque
1581 520 1656 562 ex

87 593 358 655 clarissimi
397 594 508 650 viri
543 593 848 669 sententia,
881 592 936 649 si
963 593 1128 651 nobis
1157 610 1225 651 ea
1250 593 1312 649 in
1337 610 1400 650 re
1429 594 1657 651 adversa

87 687 235 756 efflet,
275 682 500 739 nullum
536 682 700 757 plane
739 682 1032 739 discrimen
1067 683 1128 739 in
1157 681 1478 755 eoi-poribus
1517 684 1653 757 fore,

89 772 292 849 quando
334 770 1658 845 quidaninplenauniformispersemassae

89 862 404 933 dise-imen,
445 861 556 919 nisi
593 859 666 917 ab
707 875 778 917 eo
816 860 964 933 quod
1002 864 1216 917 motum
1251 859 1478 934 respicit
1511 858 1658 917 suuni

87 969 180 1009 non
204 952 418 1024 potest.
483 948 646 1005 Unde
674 949 846 1005 etiam
870 949 1107 1023 amplius
1129 949 1354 1005 tandem
1373 949 1655 1022 efficietur,

87 1040 204 1097 nihil
227 1054 463 1112 pmrsm
501 1036 706 1094 variari
741 1038 806 1093 in
831 1037 1166 1111 emporibus,
1195 1038 1492 1111 omniaque
1513 1053 1659 1093 sem-

87 1126 903 1205 pecodemsehaberemodo.
945 1125 1446 1184 Namsimateriae
1475 1126 1658 1200 portio

87 1216 289 1292 qmevis
347 1214 1661 1315 abaliaaequalietoeongruanondiffert

89 1304 262 1385 (quod
305 1304 722 1361 admittendum
760 1307 847 1360 est
885 1320 921 1361 a
961 1304 1084 1363 viro
1121 1304 1188 1361 el.
1230 1303 1660 1362 viribusaetivis

88 1393 466 1468 impetibusve,
495 1399 555 1450 et
571 1392 998 1466 quibmeumqne
1015 1393 1160 1467 aliis,
1183 1398 1404 1467 praeter
1421 1393 1662 1450 existen-

87 1481 1662 1555 tammhoelooo‚suoeaes1verumramaliamvel

89 1572 236 1630 aliam
249 1612 266 1645 ‚
323 1571 688 1644 qualitatibus
735 1568 1340 1645 modifieationibusque
1390 1571 1661 1642 sublatis)

89 1678 144 1717 ae
175 1664 474 1734 praeterea
515 1660 564 1715 si
603 1658 770 1715 unius
795 1659 1062 1716 momenti
1090 1662 1266 1717 status
1289 1676 1328 1716 a
1354 1662 1502 1717 statu
1528 1660 1664 1715 alte-

89 1750 186 1807 rius
209 1748 496 1805 momenti
519 1764 636 1805 non
665 1748 778 1805 nisi
805 1748 1233 1823 transpositione
1259 1749 1570 1822 aequalium
1608 1750 1666 1805 et
1689 1804 1702 1811 ,

91 1854 446 1913 congruarum
483 1842 544 1895 et
579 1850 682 1910 per
717 1838 908 1895 omnia
933 1837 1377 1897 eonvenientium
1402 1824 1666 1894 materiae

95 1928 402 2001 portionum
451 1926 667 2000 diffmtg
717 1926 1068 1983 manifestum
1103 1930 1190 1983 est
1229 1927 1328 1983 oh*
1342 1930 1666 2001 perpetuam

95 2016 535 2075 substitutionem
571 2014 1126 2091 indistinguibilium,
1164 2016 1452 2089 consequi,
1491 2020 1556 2073 ut
1581 2014 1666 2070 di-

96 2122 368 2163 versorum
405 2110 816 2161 momentorum
855 2108 1030 2161 status
1069 2104 1130 2161 iu
1169 2105 1378 2161 mundo
1403 2119 1666 2179 001·me

93 2194 454 2253 discriminari
481 2194 636 2251 nullo
666 2194 834 2251 modo
861 2193 1090 2267 poaeint.
1163 2192 1490 2251 Extrinseea
1515 2192 1669 2249 enim

95 2290 298 2341 tantum
341 2286 488 2341 foret
521 2281 930 2355 denominatio,
967 2297 1080 2356 qua
1103 2282 1528 2356 distingueretur
1553 2296 1671 2338 ma·

96 2372 654 2447 teriaepmsunaab
683 2372 823 2443 alia,
863 2374 1353 2445 nempeai’uturo,
1391 2368 1672 2447 quodeci-

97 2462 204 2519 lioet
233 2462 608 2535 imposterum
646 2460 725 2518 sit
762 2462 946 2517 fatuum
972 2460 1086 2517 alio
1112 2460 1202 2517 vel
1229 2460 1516 2531 alioloeo3
1567 2459 1671 2525 im·

96 2551 526 2624 praesentiarum
553 2566 686 2607 vero
713 2548 1007 2606 discrimen
1045 2553 1131 2605 est
1168 2548 1414 2621 nullum3
1451 2549 1568 2607 imo
1595 2564 1670 2603 ne

97 2657 128 2697 a
151 2642 338 2697 futtuo
375 2640 604 2712 quidem
629 2655 756 2697 eum
781 2638 1140 2698 fundamento
1167 2642 1499 2713 sumeretur,
1539 2636 1672 2712 quia

97 2744 373 2802 nunquam
397 2729 570 2786 etiam
595 2728 952 2802 imposterum
971 2726 1044 2783 ad
1065 2742 1256 2784 vermn
1273 2727 1498 2801 aliquod
1515 2742 1673 2800 prae·

99 2835 211 2875 setis
247 2818 552 2874 dista-imeri
585 2817 962 2888 devenir-etun
1003 2832 1132 2871 cum
1155 2832 1258 2874 nee
1286 2816 1438 2874 loeus
1463 2833 1502 2873 a
1527 2816 1670 2888 loeo,

101 2925 198 2965 nee
219 2907 456 2964 materia
493 2923 532 2965 a
555 2904 787 2964 materia
815 2903 1062 2975 ejusdem
1090 2904 1198 2963 loei
1236 2899 1356 2985 (ex
1381 2902 1673 2980 hypothesi

101 3000 360 3072 perlectae
379 2997 534 3053 illius
559 2995 950 3083 uniformitatis
967 2994 1030 3051 in
1047 2994 1171 3068 ipsa
1188 2989 1455 3072 materia)
1477 2994 1674 3052 distin·

102 3086 494 3160 guiullanota
517 3089 698 3160 queat.
741 3083 1671 3184 Fmsnaetiamadflgmamprae-

103 3181 182 3232 ter
215 3178 432 3231 motum
467 3177 845 3232 reem-roratur.
933 3171 1080 3230 Nam
1113 3171 1178 3228 in
1211 3189 1394 3229 massa
1431 3174 1672 3247 perfecte

103 3263 318 3321 similari
345 3267 410 3320 et
435 3262 874 3320 indiseriminata
899 3265 958 3318 et
993 3261 1186 3335 plena,
1227 3261 1382 3318 nulla
1408 3261 1586 3319 oritur
1611 3261 1674 3317 fi·

103 3371 228 3428 gnra
269 3369 374 3411 seu
409 3351 748 3408 terminatio.
767 3349 1008 3425 partium
1033 3350 1370 3408 diversarum
1394 3367 1464 3408 ae
1487 3349 1675 3408 ὅκα-ι·

103 3441 352 3516 nfimatio,
389 3441 505 3498 nisi
539 3440 616 3498 ab
665 3440 787 3514 ipso
819 3439 993 3496 motu.
1078 3439 1288 3506 Quodsi
1328 3455 1458 3513 ergo
1488 3443 1674 3496 motus

103 3532 302 3588 nullam
329 3529 710 3603 distinguendi
735 3532 931 3586 notam
956 3527 1222 3602 eontinet,
1261 3529 1476 3586 nullam
1503 3529 1674 3585 etiam

103 3623 296 3694 ligulae
313 3620 606 3694 largietur3
635 3621 694 3674 et
711 3635 838 3676 eum
857 3617 1064 3690 omnia,
1094 3631 1234 3690 quae
1252 3616 1526 3691 prioribus
1545 3616 1676 3673 sub-

101 3709 426 3782 stituuntur,
463 3710 702 3782 perfecte
739 3706 1174 3781 aequipolleant,
1211 3706 1430 3762 nullum
1459 3706 1546 3780 »gel
1572 3704 1676 3760 mi·

103 3799 316 3854 nimum
349 3797 674 3856 mutationis
707 3795 972 3854 indicium
1007 3811 1046 3851 a
1071 3809 1394 3869 quoeunque
1421 3795 1677 3852 observa·

103 3892 256 3958 tore‚
303 3887 466 3942 etiam
505 3885 805 3961 omniseio,
844 3885 1304 3958 dep-ehendetun
1343 3899 1408 3940 ae
1443 3882 1678 3956 proinde

107 3974 297 4032 omnia
331 3975 552 4049 perinde
587 3979 776 4048 erunt,
817 3991 882 4030 ac
921 3973 974 4032 si
997 3972 1234 4029 mutatio
1261 3971 1681 4030 diem-munatio·

106 4081 212 4138 que
249 4065 398 4120 nulla
435 4064 500 4120 in
539 4063 862 4138 eoi-poribus
887 4062 1252 4136 contingen-etz
1296 4077 1401 4118 nee
1435 4076 1682 4134 unquam

108 4154 230 4211 inde
265 4153 424 4210 reddi
463 4152 669 4227 poterit
704 4152 850 4209 ratio
887 4150 1224 4208 diversarum
1251 4165 1388 4224 quas
1413 4150 1680 4206 sentimus

107 4242 563 4317 apparentiamm.
649 4239 724 4298 Et
757 4239 984 4315 perinde
1015 4256 1102 4296 res
1130 4240 1300 4313 foret,
1339 4255 1406 4295 ae
1433 4238 1482 4295 si
1510 4238 1680 4311 finge-

107 4349 284 4387 remus
325 4331 465 4388 duas
502 4330 756 4404 sphaeras
783 4327 1151 4387 eoneentrieas
1178 4330 1444 4402 perfectas
1472 4331 1530 4383 et
1557 4343 1682 4401 per·

108 4423 238 4476 fecte
265 4425 386 4476 tam
412 4419 560 4475 inter
589 4434 669 4492 se,
695 4433 864 4492 quam
888 4417 949 4473 ιιι
975 4416 1223 4492 partibus
1251 4416 1365 4472 suis
1390 4415 1677 4488 similare&

108 4511 333 4568 alteram
369 4507 532 4565 alteri
567 4506 650 4564 ita
685 4507 950 4564 inclusam
989 4522 1137 4580 esse,
1177 4509 1243 4562 ut
1279 4521 1382 4562 nee
1419 4505 1679 4561 minimus

109 4599 172 4654 sit
197 4599 409 4655 hiatus·
390 4633 410 4669 ,
455 4601 587 4652 tune
615 4594 732 4653 sive
758 4595 908 4654 volvi
935 4595 1199 4652 inclusam
1213 4633 1230 4667 ,
1259 4593 1378 4650 sive
1404 4593 1680 4666 quieseere

109 4703 372 4760 ponamus
385 4725 404 4759 ,
442 4702 518 4741 ne
543 4684 771 4758 angelus
796 4683 1042 4758 quidem,
1073 4701 1146 4740 ne
1172 4683 1306 4755 quid
1333 4682 1570 4758 amplius
1597 4682 1682 4740 di-

109 4793 238 4849 mm,
277 4777 458 4834 ullum
493 4773 698 4848 poterit
731 4777 927 4830 notare
961 4772 1258 4830 discrimen
1292 4771 1440 4828 inter
1476 4771 1682 4828 diversi

111 4865 368 4938 temporis
405 4867 609 4936 emtus,
649 4865 746 4918 aut
782 4861 1044 4919 indicium
1081 4861 1282 4918 habere
1320 4861 1678 4935 diseernendi,

111 4959 288 5010 utrum
315 4953 562 5028 quiescat
585 4967 662 5008 an
687 4951 944 5008 volvatur
969 4951 1178 5008 inclusa
1203 4950 1460 5024 sphaera,
1490 4955 1548 5006 et
1573 4965 1683 5023 qua

111 5047 288 5099 motus
315 5043 448 5116 lege.
525 5039 648 5097 Imo
673 5057 746 5096 ne
777 5039 935 5096 lim&
962 5039 1182 5112 quidem
1211 5038 1562 5112 sphaerarum
1589 5039 1683 5094 de-

113 5131 251 5186 finiri
279 5132 493 5205 poterit,
527 5129 602 5186 ob
640 5129 912 5186 defectum
937 5127 1097 5184 simul
1128 5128 1306 5184 hiams
1336 5131 1394 5182 et
1420 5122 1684 5184 discrimil·

3198 352 3327 421 159

1753 503 1977 579 agnosd
2024 502 2115 561 hie
2162 502 2373 575 nequit.
2459 501 2617 562 Unde
2666 520 2769 579 pro
2817 509 2969 563 eerto
3016 503 3330 563 labendum

1752 587 1911 672 (etsi
1946 593 2049 649 hoe
2076 590 2263 648 minus
2286 592 2651 666 adverterint,
2690 594 2789 666 qui
2813 595 2947 653 satis
2972 595 3085 651 alte
3108 594 3172 651 in
3197 594 3331 653 haee

1749 698 1871 739 non
1906 680 2307 756 penetravere)
2345 681 2481 737 talia
2516 697 2555 737 a
2582 696 2769 738 rerum
2804 688 3003 741 natura
3036 688 3205 759 atque
3242 701 3330 742 or-

1755 771 1889 829 dine
1916 786 2035 827 oese
2064 770 2263 843 aliena,
2304 769 2625 842 nullumque
2650 770 2869 843 uspiam
2896 772 3017 828 dari
3046 766 3221 849 (quod
3244 774 3329 831 in·

1755 864 1840 917 ter
1868 876 2029 917 nova·
2062 863 2122 915 et
2159 856 2373 927 maiora
2408 859 2697 915 axiomata
2722 874 2847 917 mea
2872 854 2994 936 est)
3032 864 3331 935 perfectam

1755 949 2193 1020 similaritatemg
2230 945 2387 1017 eujus
2412 947 2495 1003 rei
2520 962 2861 1020 consequens
2888 949 3059 1005 etiam
3085 955 3197 1025 est,
3226 966 3330 1009 nee

1753 1036 2075 1111 eorpuseula
2100 1040 2381 1093 extremae
2408 1036 2656 1110 duritiei,
2694 1052 2797 1093 nee
2822 1037 3051 1095 fluidum
3087 1056 3333 1097 summae

1752 1126 2070 1201 tenuitatis,
2100 1125 2456 1182 materiamve
2484 1125 2743 1183 subtilem
2762 1126 3143 1185 mliversaliter
3170 1128 3334 1186 difin-

1757 1232 1907 1289 sam,
1947 1219 2045 1271 aut
2080 1215 2277 1273 ultima
2318 1214 2616 1289 elementa,
2660 1230 2801 1288 quae
2836 1215 3005 1289 primi
3044 1216 3334 1274 seeundive

1755 1304 2091 1379 quibusdam
2107 1303 2333 1359 nomine
2352 1303 2601 1379 veniunt,
2622 1303 2685 1359 in
2704 1308 2903 1361 namra
2920 1304 3168 1378 reperiri.
3186 1306 3334 1371 Quo-

1757 1410 1883 1451 rum
1920 1410 2047 1450 eum
2082 1392 2337 1449 nonnihil
2362 1392 2729 1467 perspexisset
2758 1386 2855 1471 (ut
2882 1387 3159 1471 arbitror)
3188 1394 3337 1451 Ari-

1757 1483 2083 1554 stoteles,
2126 1479 2453 1556 profundior
2477 1498 2603 1539 mea
2629 1481 2930 1555 sententia,
2968 1499 3137 1556 quam
3176 1482 3339 1541 multi

1757 1576 1974 1645 putant,
1996 1568 2281 1643 judieavit,
2312 1574 2527 1643 praeter
2544 1571 2910 1628 mutationem
2934 1572 3169 1629 loealem
3196 1587 3338 1647 opus

1759 1676 1887 1715 esse
1914 1660 2266 1731 alteratione,
2303 1674 2405 1715 nee
2432 1659 2721 1717 materiam
2748 1659 2953 1733 ubique
2978 1661 3088 1718 sibi
3114 1676 3235 1718 eme
3264 1660 3339 1717 si-

1761 1748 1955 1805 milem
1968 1788 1985 1823 ‚
2023 1764 2096 1805 ne
2122 1749 2344 1803 maneat
2370 1747 2729 1805 invariabilis.
2814 1748 3216 1807 Dissimilimdo
3243 1766 3341 1807 au-

1761 1842 1879 1894 tem
1926 1837 2051 1910 illa,
2102 1836 2192 1895 vel
2242 1835 2571 1909 qualitatum
2620 1836 2935 1912 diver-sitae,
2984 1842 3152 1911 atque
3200 1838 3341 1895 adeo

1763 1876 2113 1989 ἄλλόιωσις
2151 1924 2243 1981 vel
2268 1924 2551 1997 alteratio,
2588 1940 2756 1997 quam
2782 1942 2901 1982 non
2916 1878 3060 1983 ⁹satis
3086 1926 3343 1999 expomit

1763 2014 2227 2087 Aristoteles,
2270 2012 2406 2086 ipsis
2432 2012 2665 2070 diversis
2703 2014 2925 2071 nis-uum
2964 2015 3223 2088 gradibus
3258 2014 3341 2073 di·

1763 2102 2231 2176 rectionibusque,
2283 2102 2689 2177 monadumque
2736 2104 2877 2161 adeo
2924 2102 3344 2161 inexistentiam

1765 2190 2265 2249 modifleationibus
2302 2190 2599 2249 obtinetur.
2662 2192 2755 2248 Ex
2778 2190 2977 2267 quibus
3002 2192 3275 2296 proinde·
3257 2208 3345 2249 m·

1766 2280 1947 2354 telligi
1985 2284 2151 2355 puto,
2194 2280 2503 2337 neeessario
2538 2279 2691 2337 aliud
2728 2281 2931 2337 debere
2968 2279 3101 2355 poni
3138 2282 3201 2339 in
3226 2298 3346 2339 eor·

1765 2370 2025 2445 poribus,
2074 2385 2242 2442 qm
2278 2384 2521 2427 massam
2546 2369 2905 2444 unifomem,
2956 2371 3181 2444 eiusque
3206 2370 3347 2429 nilu'l

1767 2459 1960 2532 utique
2020 2458 2376 2515 immaturam
2424 2460 2959 2533 transportationem.
3057 2461 3201 2517 Sane
3248 2459 3347 2532 qui

1766 2552 1986 2605 atomos
2014 2551 2073 2603 et
2098 2562 2330 2604 vamum
2356 2548 2577 2621 habent,
2604 2564 2721 2605 non
2746 2549 2885 2605 nihil
2904 2548 3100 2605 saltem
3118 2548 3349 2607 diversi·

1767 2635 2269 2711 fleantmateriam,
2300 2636 2433 2695 dum
2460 2636 2597 2695 alibi
2623 2637 2831 2697 faeiunt
2855 2636 3186 2714 partibilem,
3205 2636 3347 2695 alibi

1767 2724 2189 2801 impartibilem3
2208 2730 2270 2782 et
2288 2742 2403 2783 uno
2422 2726 2545 2783 loeo
2564 2727 2804 2801 plenam,
2816 2727 2929 2785 alio
2948 2726 3211 2786 hiantem.
3238 2726 3347 2785 Sed

1765 2815 1868 2873 diu
1888 2819 1991 2890 est,
2010 2814 2159 2895 quod
2176 2812 2505 2885 rejiciendos
2528 2832 2649 2872 esse
2668 2820 2883 2873 atomos
2900 2832 3027 2873 eum
3044 2833 3217 2874 vamo
3227 2808 3349 2893 (de-

1769 2903 1953 2980 posito
1965 2902 2271 2975 juventutis
2292 2897 2655 2982 praeiudicio)
2674 2905 3016 2978 deprehendi.
3064 2905 3241 2963 Addit
3260 2904 3349 2962 vir

1767 2993 2157 3051 eeleberrimus
2186 2994 2453 3050 materiae
2476 2993 2829 3052 existentiam
2860 3011 2959 3069 per
2984 2995 3203 3052 diversa
3228 3009 3349 3050 mo·

1769 3087 1957 3140 menta
1994 3081 2345 3140 tribuendam
2384 3099 2503 3140 esse
2548 3083 2769 3140 divinae
2818 3084 3117 3156 voluntati3
3152 3082 3349 3156 quidni

1769 3189 1903 3245 ergo
1944 3169 2215 3246 (inquit)
2254 3171 2435 3230 eidem
2470 3172 2749 3230 tribuatur
2782 3172 2933 3246 quod
2958 3173 3151 3229 existit
3174 3173 3265 3230 hie
3290 3175 3351 3254 et

1769 3260 1951 3318 nune?
2039 3260 2393 3336 Respondeo,
2432 3261 2493 3317 id
2529 3261 2710 3336 ipsum
2738 3261 2861 3319 Deo
2887 3262 3031 3319 haud
3060 3261 3229 3319 dubie
3254 3261 3351 3318 de·

1769 3349 1911 3414 beri,
1937 3353 2003 3406 ut
2028 3349 2141 3406 alia
2166 3349 2359 3407 omnia
2376 3344 2645 3424 quiitenus
2662 3351 3055 3424 perfectionem
3072 3349 3351 3424 quandam

1769 3439 2091 3512 involvmit3
2131 3440 2229 3496 sed
2264 3439 2727 3513 quemadmodum
2772 3439 2957 3514 prima
2988 3439 3087 3496 illa
3132 3443 3191 3496 et
3230 3439 3354 3496 uni·

1771 3526 2003 3585 versalis
2026 3543 2192 3584 eausa
2217 3529 2409 3585 omnia
2432 3543 2761 3586 eonservans
2798 3545 2915 3586 non
2954 3528 3118 3602 tollit,
3148 3528 3245 3586 sed
3272 3531 3355 3586 fa-

1771 3618 1851 3674 eit
1890 3615 2075 3689 potius
2102 3616 2186 3672 rei
2214 3617 2453 3674 existere
2476 3615 2789 3692 incipientis
2816 3617 3225 3675 subsistentiam
3254 3633 3353 3674 na·

1772 3705 2039 3778 malem,
2082 3703 2179 3762 s‘eu
2218 3704 2282 3761 in
2320 3704 2613 3763 existendo
2646 3707 3143 3780 perseverationem
3180 3707 3353 3762 semel

1775 3809 2116 3864 eoneessam3
2158 3792 2239 3862 ita
2278 3793 2471 3850 eadem
2512 3811 2627 3851 non
2662 3795 2849 3867 tollet,
2890 3794 2989 3850 sed
3014 3793 3197 3867 potius
3223 3810 3354 3851 eon-

1774 3881 2017 3940 flrmabit
2054 3881 2139 3938 rei
2172 3881 2237 3938 in
2274 3887 2486 3939 motum
2524 3881 2829 3940 eoneitntae
2864 3883 3161 3942 eluendam
3194 3887 3355 3940 natu·

1777 3972 1953 4029 ralem
1966 4011 1983 4044 ,
2029 3987 2127 4028 seu
2164 3970 2225 4028 in
2261 3971 2475 4046 agendo
2516 3971 3017 4046 perseverationem
3054 3972 3225 4028 semel
3250 3971 3354 4030 im·

1777 4075 2042 4136 pressam.

1876 4151 1970 4206 14.
2010 4147 2191 4205 Multa
2225 4145 2444 4221 quoqu'e
2468 4149 2579 4206 alia
2606 4148 2943 4206 oeeurrunt‘
2922 4141 2984 4206 m
3014 4149 3356 4224 apologetiea

1777 4237 1877 4295 illa
1920 4237 2347 4313 Dissertatione‚
2400 4253 2542 4310 quae
2594 4237 2967 4296 difficultatem
3007 4239 3238 4314 habent,
3290 4245 3357 4296 ut

1779 4325 1926 4399 quod
1956 4328 2039 4384 ait
2075 4325 2203 4382 dict.
2230 4341 2371 4400 eap.
2405 4329 2464 4384 4.
2507 4324 2559 4393 fi.
2596 4327 2693 4383 ll.
2728 4331 2883 4384 motu
2910 4327 2981 4384 de
3002 4328 3227 4402 globulo
3256 4343 3357 4403 per

1779 4415 1963 4490 plures
2012 4414 2371 4472 intermedius
2408 4415 2469 4473 in
2495 4415 2793 4489 ‚globulum
2830 4416 3124 4491 translato,
3164 4417 3357 4492 globu-

1779 4505 1899 4560 lum
1937 4504 2192 4560 ultimum
2230 4505 2421 4560 eadem
2458 4504 2517 4560 vi
2544 4505 2753 4561 moveri
2782 4519 2892 4578 qua
2918 4510 3101 4562 motus
3130 4513 3215 4563 est
3240 4508 3357 4580 glo-

1778 4593 1941 4650 bulus
1969 4592 2207 4666 primast
2249 4591 2383 4648 mihi
2411 4609 2543 4650 vero
2568 4593 2803 4668 videtur,
2834 4595 3211 4667 aequivalente
3237 4597 3359 4669 qui·

1779 4681 1909 4738 dem
1958 4681 2199 4754 moveri,
2250 4672 2349 4738 sed
2396 4697 2513 4738 non
2552 4682 2772 4758 eadem3
2822 4699 2949 4740 eum
2984 4685 3357 4758 unusquisque

1780 4763 1959 4848 (quod
1986 4769 2188 4826 mirum
2214 4770 2389 4828 videri
2417 4762 2623 4845 possit)
2653 4788 2755 4828 sua
2779 4773 3003 4846 propria
3030 4773 3085 4828 vi
3098 4815 3115 4848 ,
3154 4789 3357 4847 nempe

1781 4858 2003 4916 elastiea
2033 4851 2185 4936 (non
2204 4858 2327 4928 ,iam
2352 4859 2423 4916 de
2449 4861 2726 4917 clasmatis
2744 4859 2905 4930 hujus
2932 4877 3094 4918 eausa
3114 4862 3352 4936 disputo,

1779 4964 1961 5021 neque
1996 4964 2139 5021 nego
2167 4949 2475 5004 mechaniee
2500 4949 2699 5006 debere
2727 4949 2990 5023 explieari
3018 4955 3171 5008 motu
3200 4949 3354 5006 fluidi

1781 5037 2131 5093 inexistentis
2182 5054 2249 5094 ae
2298 5029 2669 5113 perlabentis)
2728 5053 2765 5093 a
2822 5039 3077 5109 proximo
3129 5043 3355 5111 urgente
3420 5095 3425 5102 ,

1728 5167 1734 5194 ,
1781 5127 2030 5200 repulsus
2087 5125 2147 5181 in
2206 5132 2417 5182 motum
2483 5129 2689 5198 agatur.
2800 5126 2889 5182 Sic
2950 5127 3144 5200 etiam,
3205 5127 3355 5199 quod

117 5219 233 5292 nisg
275 5223 350 5278 uti
391 5225 578 5278 motus
621 5219 706 5274 vel
739 5219 812 5275 ob
841 5219 1020 5274 solum
1054 5216 1382 5274 discriminis
1413 5218 1682 5274 (infectum
1728 5207 1734 5293 ξ

1785 5211 1834 5280 ἓ.
1907 5214 2003 5271 12.
2085 5215 2217 5272 dicit
2282 5232 2411 5276 ,rem
2434 5253 2451 5287 2
2529 5229 2669 5286 quae
2744 5214 3103 5288 primordium
3171 5221 3355 5273 motus
