3717 5850
363 359 540 422 xxu
1627 355 1679 414 Ρ
1721 355 1774 414 R
1815 351 1872 416 A
1914 351 1964 416 E
2005 353 2052 414 F
2094 351 2150 412 A
2190 351 2242 413 Τ
2284 352 2313 412 1
2354 355 2425 413 Ο.

366 491 658 588 produnt.
745 489 976 584 Addidi
1029 489 1178 559 huic
1221 487 1520 583 epistolae
1561 499 1860 583 excerpta
1906 487 2219 581 quaedam
2270 509 2355 555 ex
2396 484 2671 579 epistolis
2712 484 2790 552 ad
2834 483 3267 554 Bernoullium
3309 484 3469 554 datis
3515 482 3701 576 qui--

366 611 490 681 bus
533 611 737 678 amico
779 607 1224 676 Mathematico
1269 610 1620 676 accuratius
1665 604 1935 698 explicat
1977 604 2275 697 principia
2328 625 2447 669 sua
2488 599 2569 668 de
2610 624 2759 668 vera
2798 603 3029 668 virium
3070 602 3525 670 aestimatione.

546 721 721 791 LIX.
779 723 1224 791 Nouveaux
1277 725 1526 791 essais
1585 745 1719 791 sur
1773 718 2401 790 l'entendement
2442 716 2764 785 humain
2823 740 2965 808 par
3008 715 3349 784 l’auteur
3390 716 3492 784 du
3536 737 3691 806 sy-

371 841 622 907 steme
669 839 760 906 de
802 838 1262 907 l'harmonie
1306 836 1779 929 preetablie,
1823 835 2053 926 quibus
2098 831 2351 901 edendis
2379 831 2653 923 Raspius
2698 834 2937 924 optime
2978 834 3058 900 de
3084 831 3475 924 philosophia
3516 854 3689 898 me-

373 957 515 1024 ruit.
586 953 775 1041 Quod
817 954 1111 1020 meritum
1154 951 1347 1044 pluris
1377 954 1566 1019 etiam
1611 949 1973 1019 aestimabis
2019 947 2171 1016 cum
2203 945 2431 1015 videris
2475 946 2937 1040 autographum
2967 947 3252 1016 Leibnitii
3293 957 3423 1015 tam
3450 945 3695 1040 parvis

320 1063 328 1070 ’
367 1095 558 1164 saepe
615 1069 808 1138 literis
873 1070 1294 1161 conscriptum
1374 1076 1437 1133 et
1511 1063 1999 1132 correctionibus
2074 1061 2234 1130 adeo
2330 1061 2654 1130 abundans
2745 1073 2819 1130 ut
2892 1061 3245 1156 perdifficile
3314 1065 3396 1129 sit
3464 1061 3691 1128 lectu.

369 1187 513 1256 Hoc
547 1210 706 1279 opus
737 1186 1161 1275 conscriptum
1194 1203 1332 1249 esse
1365 1203 1531 1248 anno
1567 1178 1924 1261 MDCClV,
1974 1177 2371 1271 (typothetae
2404 1201 2615 1246 errore
2645 1180 2710 1245 in
2742 1187 2957 1246 nostra
2990 1176 3257 1246 editione
3288 1179 3691 1269 inscriptum

371 1313 472 1370 est
516 1304 724 1388 1703)
767 1297 948 1368 facile
991 1296 1402 1365 demonstrari
1442 1304 1668 1386 potest.
1735 1293 1966 1364 Scribit
1986 1290 2327 1361 Leibnitius
2359 1293 2713 1361 Remondio
2756 1295 2842 1360 ita
2863 1295 2947 1379 (v.
2970 1316 3028 1385 p.
3050 1294 3201 1362 703.
3244 1303 3497 1362 nostrae
3524 1291 3685 1360 edi-

369 1417 608 1504 tionis):
683 1414 772 1482 »11
815 1412 948 1500 (Mt.
991 1411 1295 1502 Hugony)
1339 1432 1378 1477 a
1420 1433 1510 1476 vu
1553 1410 1726 1477 aussi
1767 1433 1909 1478 mes
1952 1410 2285 1478 reflexions
2330 1432 2509 1476 assez
2555 1407 2857 1476 etendues
2902 1431 3011 1474 sur
3051 1407 3370 1500 l'ouvrage
3412 1407 3493 1474 de
3540 1409 3685 1475 Mr.

376 1529 628 1598 -Locke
673 1531 782 1620 qui
825 1528 1004 1595 traite
1045 1525 1128 1593 de
1171 1523 1662 1592 l'entendement
1701 1523 1782 1592 de
1823 1521 2143 1592 l'.homme
2208 1524 2367 1592 Mais
2404 1527 2472 1616 je
2512 1547 2619 1591 me
2647 1525 2779 1590 suis
2822 1523 3093 1614 degofite
3137 1523 3217 1591 de
3259 1522 3500 1615 publier
3548 1521 3685 1590 des

377 1645 779 1756 urefutations
807 1642 918 1710 des
945 1652 1204 1709 auteurs
1233 1651 1449 1722 morts,
1496 1642 1733 1731 quoiqu
1734 1639 1908 1708 ‘elles
1936 1639 2201 1708 dussent
2227 1636 2499 1731 paroitre
2526 1636 2755 1704 durant
2795 1634 2935 1706 leur
2961 1640 3061 1705 vie
3090 1649 3156 1707 et
3198 1638 3333 1706 etre
3360 1661 3681 1707 commu-

377 1761 678 1851 -niquees
719 1784 758 1826 a
789 1782 915 1828 eux
941 1781 1254 1838 memes,
1287 1794 1373 1806 --
1412 1755 1627 1846 itaque
1655 1755 1887 1824 indicat
1915 1778 2023 1822 eas
2056 1753 2626 1825 animadversiones
2656 1755 3041 1846 conscriptas
3082 1764 3144 1822 et
3172 1752 3421 1822 editioni
3460 1753 3676 1821 desti-

367 1885 550 1945 natas
589 1875 782 1942 fuisse
827 1883 972 1941 ante
991 1871 1208 1941 Lockii
1251 1869 1510 1952 obitum,
1551 1869 1616 1938 id
1661 1881 1756 1938 est
1801 1881 1949 1938 ante
1992 1868 2049 1937 d.
2072 1875 2175 1938 20.
2200 1871 2340 1938 Oct.
2385 1871 2532 1938 anni
2576 1867 2937 1938 MDCCIV.
2985 1869 3155 1936 Citat
3196 1894 3382 1962 porro
3423 1873 3488 1937 in
3536 1869 3679 1936 hoc

367 2014 558 2084 opere
598 1988 1035 2060 meditationes
1075 2009 1226 2053 suas
1269 1990 1457 2071 (anno
1481 1983 2020 2053 MDCLXXXIV
2048 1988 2335 2078 primum
2366 1985 2586 2071 editas)
2630 1995 2961 2076 tamquam
3006 1996 3153 2052 ante
3196 1986 3412 2078 viginti
3454 2009 3675 2053 annos

369 2107 534 2198 typis
561 2125 906 2198 expressas,
952 2101 1138 2194 quod,
1167 2103 1221 2168 si
1243 2099 1323 2167 ad
1353 2103 1657 2168 amussim
1690 2103 1978 2193 exigitur,
2018 2123 2254 2168 annum
2286 2100 2627 2169 MDCCIV
2653 2099 2831 2168 nobis
2860 2100 3130 2193 praebet.
3192 2100 3488 2190 Denique
3518 2100 3670 2166 Ha-

367 2243 643 2291 noverae
665 2218 798 2311 'legi
825 2217 984 2286 duas
1010 2216 1294 2286 Leibnitii
1323 2217 1401 2284 ad
1431 2215 1802 2286 Cudworthi
1831 2215 2021 2283 liliam
2048 2213 2336 2282 Masham
2368 2215 2680 2307 epistolas,
2710 2239 2981 2307 quarum
3009 2219 3073 2284 in
3106 2239 3250 2298 una,
3295 2213 3352 2282 d.
3380 2219 3483 2282 30.
3506 2217 3671 2282 Jun.

373 2339 548 2407 1704
593 2333 757 2417 data,
801 2357 872 2402 se
912 2355 1082 2402 nunc
1123 2333 1334 2422 ipsum
1377 2330 1700 2400 elaborare
1745 2333 2180 2401 annotationes
2220 2333 2287 2400 in
2307 2331 2523 2400 Lockii
2566 2354 2742 2424 opus,
2784 2333 2851 2400 in
2896 2331 3089 2400 altera
3132 2331 3190 2398 d.
3218 2331 3279 2400 5.
3306 2329 3433 2398 Jul.
3458 2331 3671 2414 1705,

367 2451 488 2520 has
529 2451 960 2518 annotationes
1003 2449 1318 2516 confectas
1359 2471 1501 2515 esse
1543 2447 1771 2516 scribit.
1865 2447 2109 2532 Quodsi
2164 2446 2487 2539 typotheta
2530 2469 2657 2515 non
2700 2447 3119 2515 commisisset
3160 2469 3433 2514 errorem
3471 2445 3669 2513 illum

371 2592 566 2660 supra
609 2565 714 2653 (ad
756 2565 888 2633 Art.
931 2560 1068 2630 XL.
1112 2562 1197 2651 b,)
1239 2573 1686 2647 memoratum,
1725 2562 1915 2631 finem
1943 2562 2300 2633 Voluminis
2340 2563 2529 2655 primi
2566 2562 2814 2630 fecisset
2854 2559 3015 2629 haec
3056 2559 3419 2654 longissima
3459 2561 3665 2630 Leib-

374 2685 505 2753 nitii
549 2681 1015 2762 commentatio,
1063 2702 1188 2771 qua
1231 2677 1510 2772 singulas
1531 2679 1893 2773 Empirismi
1936 2703 2125 2771 quem
2153 2687 2387 2747 vocant
2426 2679 2767 2745 sententias
2808 2687 3103 2746 accurate
3128 2679 3412 2770 pensitat,
3450 2679 3671 2769 iisque

369 2821 557 2867 suam
603 2797 682 2865 de
721 2795 876 2864 ideis
919 2795 1148 2864 innatis
1193 2806 1260 2862 et
1302 2795 1382 2864 de
1425 2794 1792 2864 sufficientia
1837 2815 1915 2862 ac
1957 2791 2174 2863 valore
2216 2793 2447 2861 mentis
2490 2792 2840 2862 doctrinam
2884 2793 3150 2886 opponit.
3220 2792 3291 2862 In
3333 2791 3667 2863 volumine

369 2912 566 2984 altero
609 2915 852 3005 primus
906 2921 1212 2979 tractatus
1255 2920 1388 2979 est:

553 3026 691 3096 Lx.
751 3026 1414 3096 Considerations
1469 3048 1598 3095 sur
1651 3024 1726 3094 le
1783 3026 2139 3119 principe
2194 3024 2287 3093 de
2330 3024 2455 3093 vie
2510 3033 2587 3092 et
2642 3048 2777 3094 sur
2830 3022 2945 3091 les
3000 3035 3327 3093 natures
3366 3024 3661 3120 plasti-

370 3170 560 3240 ques
616 3166 754 3239 par
804 3140 1141 3210 l'auteur
1196 3128 1288 3210 de
1339 3140 1799 3211 l‘harmonie
1851 3138 2314 3234 preetablie.
2413 3138 2713 3208 Prodiere
2768 3138 2890 3208 hae
2944 3140 3469 3211 considerationes
3524 3144 3659 3234 pri-

368 3284 549 3329 mum
589 3260 656 3326 in
699 3258 995 3350 Basnagii
1035 3257 1314 3325 Historia
1355 3279 1620 3349 operum
1663 3256 1994 3325 doctorum
2036 3279 2202 3323 anno
2246 3253 2579 3324 MDCCV.
2623 3255 2895 3346 indeque
2938 3280 2975 3323 a
3003 3255 3319 3325 Dutensio
3360 3268 3664 3349 receptae

367 3384 532 3445 sunt.
623 3374 808 3457 Quae
851 3396 928 3441 eo
987 3373 1239 3464 majoris
1291 3382 1439 3440 sunt
1493 3374 1830 3455 momenti,
1890 3370 2060 3463 quod
2104 3370 2457 3438 sententias
2484 3380 2771 3462 spectant
2812 3372 2929 3437 viri
2982 3394 3133 3439 cum
3176 3396 3307 3464 quo
3348 3396 3661 3464 magnam

369 3491 824 3561 sententiarum
853 3490 1296 3581 cognationem
1324 3488 1458 3580 ipse
1484 3486 1829 3556 Leibnitius
1859 3510 2049 3580 saepe
2086 3484 2425 3579 profitetur.
2489 3485 2906 3554 Indicavimus
2950 3511 3139 3581 supra
3184 3486 3287 3573 (ad
3329 3498 3444 3556 art.
3487 3488 3657 3575 LV.)

368 3604 716 3675 mirabilem
767 3605 1220 3671 sententiarum
1277 3600 1742 3669 similitudinem
1796 3604 1959 3671 inter
1998 3600 2289 3672 Leibnitii
2341 3612 2407 3669 et
2450 3600 2823 3671 Cudworthi
2864 3605 3174 3672 rationem
3219 3603 3486 3672 Cartesii
3542 3628 3656 3673 ar-

367 3730 742 3814 gumentum
787 3716 1214 3809 ontologicum
1255 3717 1622 3809 corrigendi.

542 3832 1232 3904 LX1.0bservatio
1291 3830 1384 3898 ad
1425 3833 1988 3901 recensionem
2042 3831 2225 3901 libri
2284 3831 2375 3901 de
2420 3831 2607 3900 fidei
2664 3842 2741 3899 et
2783 3834 3113 3901 rationis
3166 3854 3569 3901 consensu
3618 3858 3657 3901 a

364 3950 678 4017 domino
732 3944 1158 4039 Jaqueloto
1215 3946 1437 4030 editi,
1494 3971 1756 4017 mense
1801 3948 2133 4016 Octobri
2188 3950 2363 4017 1704
2418 3952 2723 4015 factam.
2814 3948 3031 4033 Quum
3080 3949 3145 4013 in
3186 3946 3291 4015 illa
3334 3950 3657 4038 Jaqueloti

367 4050 505 4133 libri
549 4052 814 4131 censura
856 4062 1092 4130 mentio
1145 4064 1308 4129 facta
1353 4073 1522 4131 esset
1575 4064 1936 4153 systematis
1979 4061 2369 4143 Leibnitiani,
2412 4064 2547 4154 ipse
2588 4072 2805 4128 noster
2846 4059 2967 4128 hac
3012 4061 3443 4129 observatione
3488 4063 3650 4131 defi

367 4180 502 4248 nire
546 4177 745 4244 voluit
789 4179 928 4268 quis
971 4200 1339 4259 consensus,
1387 4180 1526 4267 quis
1570 4176 1891 4244 dissensus
1932 4178 2094 4243 inter
2134 4178 2341 4267 ipsum
2388 4186 2453 4243 et
2492 4173 2901 4265 Jaquelotum
2948 4184 3129 4241 esset.
3195 4176 3509 4268 Evulgata
3531 4190 3653 4246 est

369 4294 531 4362 haec
575 4293 930 4360 observatio
974 4293 1039 4359 in
1085 4294 1218 4359 Act.
1263 4288 1456 4359 Erud.
1501 4290 1667 4383 Lips.
1713 4293 1788 4357 ai.
1836 4294 2029 4373 1705,
2074 4314 2149 4358 ac
2190 4300 2413 4383 postea
2456 4289 2749 4357 Dutensii
2790 4289 3041 4357 editioni
3078 4293 3328 4367 inserta.

549 4405 742 4475 LXII.
801 4407 908 4475 Ad
952 4406 1710 4475 reverendissimum
1754 4405 2073 4476 Patrem
2118 4407 2279 4473 Des
2322 4407 2610 4475 Bosses
2666 4403 3053 4497 epistolae
3108 4417 3303 4473 octo.
3393 4407 3648 4498 Optime

367 4527 597 4593 meruit
638 4523 1004 4605 DutensiuS,
1049 4520 1218 4611 quod
1262 4524 1498 4611 primus
1541 4520 1657 4587 has
1701 4520 1986 4590 Leibnitii
2026 4519 2319 4613 epistolas
2366 4518 2697 4611 evulgavit.
2792 4519 3285 4612 Comparaverat
3326 4522 3385 4588 ei
3430 4522 3644 4591 Gobe·

370 4652 474 4707 tus
519 4638 910 4731 septuaginta
955 4636 1240 4703 Leibnitii
1297 4637 1374 4702 ad
1419 4636 1676 4702 Patrem
1720 4635 1856 4705 Des
1897 4639 2131 4705 Bosses
2187 4634 2509 4728 epistolas,
2565 4658 2723 4725 quas
2776 4638 2843 4701 in
2883 4636 3267 4705 Bibliotheca
3310 4637 3645 4705 Pa‘risiensi

366 4764 701 4848 repererat.
773 4754 1061 4839 Quarum
1091 4740 1336 4842 triginta
1379 4754 1443 4817 in
1466 4750 1758 4819 Dutensii
1789 4750 2057 4821 editione
2098 4754 2257 4819 inter
2300 4774 2489 4843 opera
2531 4732 2952 4843 philosophica
2993 4750 3295 4820 collocata
3338 4754 3401 4820 in
3432 4753 3642 4822 Τοιιιο

367 4870 644 4939 secundo
657 4920 674 4952 ‚
729 4879 977 4936 ceterae
1023 4871 1088 4935 in
1134 4867 1342 4933 Τοιιιο
1397 4876 1576 4933 sexto
1619 4865 1933 4959 leguntur.
2024 4869 2201 4954 Quas
2252 4867 2394 4935 ideo
2449 4868 2847 4959 potissimum
2904 4869 3335 4934 existimamus
3384 4868 3643 4935 maximi

371 4986 674 5055 momenti
721 5008 880 5067 esse,
923 4982 1094 5074 quod
1136 4980 1316 5050 nobis
1362 5004 1440 5049 ex
1483 4982 1560 5048 iis
1605 4980 1872 5064 eluceat,
1916 4982 2234 5074 quomodo
2278 4980 2622 5049 Leibnitius
2664 4980 2990 5063 studuerit,
3032 4991 3106 5047 ut
3146 4983 3500 5071 systematis
3542 4986 3641 5050 sui

369 5127 520 5172 cum
564 5098 954 5193 philosophia
995 5095 1384 5166 Scholastica
1425 5119 1770 5165 consensus
1823 5108 1935 5165 aut
1977 5096 2295 5165 dissensus
2348 5099 2414 5165 in
2456 5096 2665 5165 lucem
2708 5096 3000 5189 prodeat,
3052 5106 3117 5162 et
3168 5106 3240 5162 ut
3289 5118 3639 5188 congruum

366 5216 664 5285 reddatur
707 5236 858 5285 cum
901 5208 1020 5281 fide
1065 5210 1402 5286 catholica..
1453 5213 1600 5299 Qua
1617 5254 1624 5261 ·
1641 5215 1708 5285 in
1750 5236 1821 5283 re
1864 5236 2113 5283 summa
2142 5236 2334 5307 opera
2374 5212 2679 5284 laboranti
2706 5210 3020 5283 interdum
3062 5211 3127 5281 id
3153 5214 3397 5282 mirum.
3412 5216 3637 5295 evenit,
